%
% ---- Bibliography ----
%

@inproceedings{kohno_oak05,
	title = "Remote Physical Device Fingerprinting",
	author = "T. Kohno and A. Broido and K. C. Claffy",
	booktitle = "IEEE Symposium on Security and Privacy",
	month = "May",
	year = 2005
}

@inproceedings{brik_mobicom08,
	title = "Wireless Device Identification with Radiometric Signatures",
	author = "V. Brik and S. Banerjee and M. Gruteser and S. Oh",
	booktitle = "Mobicom",
	month = "Sep",
	year = 2008
}

@inproceedings{eiman_secon,
    author = {E. Elnahrawy and X. Li and R. P. Martin},
    title = {The limits of localization using signal strength: A comparative study},
    booktitle = {IEEE SECON},
    year = {2004},
    month = {oct},
    pages = {406-414}
}

@inproceedings{faria_wise06,
    author = {Daniel Faria and David R. Cheriton},
    title = {Detecting Identity-Based attacks in Wireless Networks using Signalprints},
    booktitle = {ACM Workshop on Wireless Security (WiSe)},
    year = {2006},
    month = {September},
}

@inproceedings{yingying_dcoss,
    author = {Y. Chen and K. Kleisouris and X. Li and W. Trappe, and R. P. Martin},
    title = {The robustness of localization algorithms to signal strength attacks: a comparative study},
    booktitle = {International Conference on Distributed Computing in Sensor Systems (DCOSS)},
    year = {2006},
    month = {june},
    pages = {546ï¿½563}
}



@inproceedings{yingying_secon07,
    author = {Y. Chen and W. Trappe and R. P. Martin},
    title = {Detecting and Localizing Wireless Spoofing Attacks},
    booktitle = {IEEE SECON},
    year = {2007},
    month = {oct},

}

@inproceedings{percom07,
    author = {Y. Chen and W. Trappe and R. P. Martin},
    title = { ADLS: Attack Detection for Wireless Localization Using Least Squares},
    booktitle = {Pervasive Computing and Communications Workshops, (PerCom)},
    year = {2007},
    month = {march},

}

@inproceedings{sybil_wowmom06,
    author = {Murat Demirbas and Youngwhan Song},
    title = {An RSSI-based Scheme for Sybil Attack Detection in Wireless Sensor Networks},
    booktitle = {WOWMOM},
    year = {2006},
    pages = {564 - 570}

}

@inproceedings{wade_wise07,
    author = {Zang Li and Winyuan Xu and Rob Miller and Wade Trappe},
    title = {Securing Wireless Systems via Lower Layer Enforcements},
    booktitle = {5th ACM workshop on Wireless security(WiSe)},
    year = {2007},
    month = {Sep},
    pages = {33 - 42}

}

@inproceedings{kosta_loc,
    author = {Konstantin Kleisouris and Richard. P. Martin},
    title = {Reducing the Computational Cost of Bayesian Indoor Positioning Systems},
    booktitle = {In The IEEE Conference on Sensor and Ad Hoc Communication Networks (SECON)},
    year = {2006},
    month = {Sep},

}


@inproceedings{neal_sneha_mobicom,
    author = {Neal Patwari and Sneha K. Kasera},
    title = {Robust Location Distinction using Temporal Link Signatures},
    booktitle = {Proc of {ACM MOBICOM}},
    year = {2007},
    month = {September},
}


@inproceedings{ccs_07,
    author = {babak Azimi-Sadjadi and Aggelos Kiayias and Alejandra Mercado and Bulent Yener},
    title = {Robust Key Generation from Signal Envelopes in Wireless Networks},
    booktitle = {14th ACM conference on Computer and communications security (CCS)},
    year = {2007},
    month = {October},
}



@misc{mi_tdoa,
title={{TDOA-Based Sybil Attack Detection Scheme for Wireless Sensor Networks}},
howpublished = {\url{http://www.paper.edu.cn}}
}

@inproceedings{sequence_guo,
    author = {Fanglu Guo and Tzi-cker Chiueh},
    title = {Sequence Number-Based MAC Address Spoof Detection},
    booktitle = {Proceedings of 8th International Symposium on Recent Advances in Intrusion Detection(RAID)},
    year = {2005},
    month = {September},
}


@inproceedings{wade_secon06,
    author = {Qing Li and Wade Trappe},
    title = {Relationship -based Detection of Spoofing -related Anomalous Traffic in Ad Hoc Networks},
    booktitle = {IEEE SECON},
    pages = {50-59},
    year = {2006},
    month = {September},
}


@MastersThesis{sequence_dartmouth,
  title     = {New Methods of Spoof Detection in 802.11 Wireless Networking},
  author    = {Douglas Madory},
  school    = {Dartmouth College, Hanover, New Hampshire},
  month = {June},
  year      = {2006}
}


@inproceedings{DOS_bellardo,
    author = {John Bellardo and Stefan Savage},
    title = {802.11 Denial-of-Service Attacks: Real Vulnerabilities and Practical Solutions},
    booktitle = {USENIX Security Symposium},
    year = {2003},
    month = {August},
}


@inproceedings{orbit1,
	author={D. Raychaudhuri and et.al},
	title={Overview of the ORBIT radio grid testbed for evaluation of next-generation wireless network protocols},
	booktitle = {Proc. {IEEE WCNC}},
	volume={3},
	pages={1664-1669},
	month= {March},
	year = {2005},
	location = {New Orleans, LA, USA}
}

@BOOK{madwifi,
	AUTHOR = "MADWiFi",
	TITLE = "Multiband Atheros Driver for {WiFi}",
	PUBLISHER = "http://madwifi.org",
	YEAR = "2007"
}



@inproceedings{ time1,
    author = {Gautam Das and Dimitrios Gunopulos and Heikki Mannila},
    title = {Finding Similar Time Series},
    booktitle = {Principles of Data Mining and Knowledge Discovery},
    pages = {88-100},
    year = {1997},
    url = {citeseer.ist.psu.edu/das96finding.html} }


@inproceedings{ time2,
    author = {Edward Kim and Joyce M. W. Lam and Jaiwei Han},
    title = {AIM: Approximate Intelligent Matching for Time Series Data},
    booktitle = {Second International Conference on Data Warehousing and Knowledge Discovery table of contents},
    pages = {347 - 357},
    year = {2000},
}


@misc{gnuradio,
title={{GNU Radio: the gnu software radio}},
howpublished = {\url{www.gnu.org/software/gnuradio}}
}

@misc{80211_standard,
title={{802.11b standard}},
howpublished = {\url{http://standards.ieee.org/getieee802/802.11.html}}
}



@inproceedings{ grail,
    author = {Yingying Chen and Gayathri Chandrasekaran and Eiman Elnahrawy and John-Austen Francisco and Konstantinos Kleisouris and Xiaoyan Li and Richard P. Martin and Robert S. Moore and Begumhan Turgut},
    title = {Grail: General Real Time Adaptable Indoor Localization},
    booktitle = {Sensor Review},
    year = {2008},
}

@inproceedings{ kotz_infocom,
    author = {Yong Sheng and Karen Tan and Gualing chen and David Kotz and Andrew Campbell},
    title = {Detecting 802.11 MAC layer Spoofing Using Receiver Signal Strength},
    booktitle = {IEEE INFOCOM},
    year = {2008},
}



@inproceedings{ sandia_NL,
    author = {Jason Franklin and Damon McCoy and Parsia Tabriz and Videntiu Neagoe and Jamie Van Randwyk and Douglas Sicker},
    title = {Passive Data Link Layer 802.11 Wireless Device Driver Fingerprinting},
    booktitle = {USENIX Security},
    year = {2006},
}




@INPROCEEDINGS{1710694,

title={Differential planar antennas for 2.4/5.2 GHz WLAN applications},

author={Nepa, P. and Manara, G. and Mugnaini, S. and Tribellini, G. and Cioci,

S. and Albasini, G. and Sacchi, E.},

booktitle={IEEE Int. Symposium of Antennas and Propagation Society},

year={2006},

month={July},

pages={973--976},

}
