@InProceedings{fw-dasc07,
 author = {Stephen Smaldone and Aniruddha Bohra and Liviu Iftode},
 title =  "{Filewall: A Firewall for Network File Systems}",
 booktitle = {DASC'07},
 year = {2007},
 location = {Baltimore, MD}
}

@InProceedings{fw-nca07,
 author = {Aniruddha Bohra and Stephen Smaldone and Liviu Iftode},
 title  = "{FRAC: Role Based Access Control for Network File Systems}",
 booktitle = {NCA'07},
 year = {2007},
 location = {Cambridge, MA}
}

@inproceedings{kuhlmann03sacmat,
 author = {Martin Kuhlmann and Dalia Shohat and Gerhard Schimpf},
 title = "{Role Mining - Revealing Business Roles for Security Administration Using Data Mining Technology}",
 booktitle = {SACMAT'03},
 year = {2003},
 location = {Como, Italy}
}

@inproceedings{schlegelmilch05sacmat,
 author = {J\"{u}rgen Schlegelmilch and Ulrike Steffens},
 title = "{Role Mining with ORCA}",
 booktitle = {SACMAT'05},
 year = {2005},
 location = {Stockholm, Sweden}
}

@inproceedings{martin06policy,
 author = {Evan Martin and Tao Xie},
 title = "{Inferring Access-Control Policy Properties via Machine Learning}",
 booktitle = {POLICY'06},
 year = {2006},
 location = {Ontario, Canada}
}

@inproceedings{provos03security,
 author = {Niels Provos},
 title = "{Improving Host Security with System Call Policies}",
 booktitle = {SECURITY'03},
 year = {2003},
 location = {Washington, DC}
}

@TechReport{sniffen06mitre,
 author = {Brian T. Sniffen and David R. Harris and John D. Ramsdell},
 title = "{Guided Policy Generation for Application Authors}",
 institution = {The MITRE Corporation},
 year = {2006}
}

@inproceedings{tran07lisa,
 author = {Tung Tran and Ehab Al-Shaer and Raouf Boutaba},
 title = "{PolicyVis: Firewall Security Policy Visualization and Inspection}",
 booktitle = {LISA'07},
 year = {2007},
 location = {Dallas, TX}
}

@inproceedings{tongaonkar07lisa,
 author = {Alok Tongaonkar and Niranjan Inamdar and R. Sekar},
 title = "{Inferring Higher Level Policies from Firewall Rules}",
 booktitle = {LISA'07},
 year = {2007},
 location = {Dallas, TX}
}

@inproceedings{golnabi06noms,
 author = {Korosh Golnabi and Richard K. Min and Latifur Khan and Ehab Al-Shaer},
 title = "{Analysis of Firewall Policy Rules Using Data Mining Techniques}",
 booktitle = {NOMS'06},
 year = {2006},
 location = {Vancouver, BC, Canada}
}

@inproceedings{arpaci-dusseau01sosp,
 author = {Andrea C. Arpaci-Dusseau and Remzi H. Arpaci-Dusseau},
 title = "{Information and Control in Gray-Box Systems}",
 booktitle = {SOSP'01},
 year = {2001},
 location = {Banff, Alberta, Canada}
}

@inproceedings{ammons02popl,
 author = {Glenn Ammons and Rastislav Bod\'{\i}k and James R. Larus},
 title = "{Mining Specifications}",
 booktitle = {POPL'02},
 year = {2002},
 location = {Portland, OR}
}

@inproceedings{ammons03pldi,
 author = {Glenn Ammons and David Mandelin and Rastislav Bod\'{\i}k and James R. Larus},
 title = "{Debugging Temporal Specifications with Concept Analysis}",
 booktitle = {PLDI'03},
 year = {2003},
 location = {San Diego, CA}
}

@InProceedings{yuan06oakland,
 author = {Lihua Yuan and Jianning Mai and Zhendong Su and Hao Chen and Chen-Nee Chuah and Prasant Mohapatra},
 title = "{{FIREMAN}: A Toolkit for {FIREwall} {Modeling} and {ANalysis}}",
 booktitle = {IEEE Security and Privacy'06},
 year = {2006},
 location = {Oakland, CA}
}

@inproceedings{udrea06security,
 author = {Octavian Udrea and Cristian Lumezanu and Jeffrey S. Foster},
 title = "{Rule-Based Static Analysis of Network Protocol Implementations}",
 booktitle = {SECURITY'06},
 year = {2006},
 location = {Vancouver, B.C., Canada}
}

@inproceedings{el-atawy07policy,
 author = {Adel El-Atawy and Taghrid Samak and Zein Wali and Ehab Al-Shaer and Frank Lin and Christopher Pham and Sheng Li},
 title = "{An Automated Framework for Validating Firewall Policy Enforcement}",
 booktitle = {POLICY'07},
 year = {2007},
 location = {Bologna, Italy}
}

@Article{ferraioloTISSEC01pns,
 title = "{Proposed NIST standard for role-based access control}",
 author = "David F. Ferraiolo and Ravi Sandhu and Serban Gavrila and D. Richard Kuhn and Ramaswamy Chandramouli",
 journal = "ACM Trans. on Information and System Security",
 volume = "4",
 number = "3",
 pages = "224--274",
 year = "2001"
}

@Misc{RBACStandard,
 title = "Role-Based Access Control",
 author = "{International Committee for Information Technology}",
 howpublished = "ANSI/INCITS 359-2004",
 month = feb,
 year = "2004"
}

@Article{XACML,
 title = "{XACML Profile for Role Based Access Control (RBAC)}",
 author = "Anderson, A.",
 journal = "OASIS Access Control TC Committee Draft",
 volume = "1",
 pages = "13",
 year = "2004"
}

@Article{minskyTSWEng00lawgoverned,
 author = "Naftaly H. Minsky and Victoria Ungureanu",
 title = "{Law-governed Interaction: A Coordination and Control Mechanism for Heterogeneous Distributed Systems}",
 journal = "ACM Trans. on Softw. Eng. Methodol.",
 volume = "9",
 number = "3",
 year = "2000"
}

@inproceedings{pdl,
 author = {Jorge Lobo and Randeep Bhatia and Shamim Naqvi},
 title = "{A Policy Description Language}",
 booktitle = {AAAI'99/IAAI'99},
 year = {1999},
 location = {Orlando, Florida, United States}
}

@inproceedings{ponder,
 author = {Nicodemos Damianou and Naranker Dulay and Emil Lupu and Morris Sloman},
 title = "{The Ponder Policy Specification Language}",
 booktitle = {POLICY'01},
 year = {2001},
 location = {Bristol, UK}
}

@misc{damianou02survey,
 author = "N. Damianou and A. Bandara and M. Sloman and E. Lupu",
 title = "{A Survey of Policy Specification Approaches}",
 text = "N. Damianou, A. Bandara, M. Sloman, E. Lupu, A Survey of Policy Specification
    Approaches, Department of Computing, Imperial College of Science Technology
    and Medicine, London, 2002.",
 year = "2002",
 url = "citeseer.ist.psu.edu/damianou02survey.html"
}

@article{kohler00click,
 title = "{The Click Modular Router}",
 author = {Eddie Kohler and Robert T. Morris and Benjie Chen and John Jannotti and M. Frans Kaashoek},
 journal = "{ACM Trans. on Computer Systems}",
 volume = {18},
 number = {3},
 year = {2000},
 month = {August},
}

@Misc{bdb,
 author = "{Sleepycat Software Inc.}",
 title = "{Berkeley DB}",
 howpublished = "\url{http://dev.sleepycat.com/}"
}

@InProceedings{ellard03fast,
 author = "Daniel Ellard and Jonathan Ledlie and Pia Malkani and Margo I. Seltzer",
 title = "{Passive NFS Tracing of Email and Research Workloads.}",
 booktitle = "FAST'03",
 year = "2003",
 location = "San Francisco, CA"
}

@Article{howardTOCS88scale,
 author = "John H. Howard and Michael L. Kazar and Sherri G. Menees and David A. Nichols and M. Satyanarayanan and Robert N. Sidebotham and Michael J. West",
 title = "{Scale and Performance in a Distributed File System}",
 journal = "ACM Trans. on Computer Systems",
 volume = "6",
 number = "1",
 year = "1988",
 pages = "51--81"
}

@InProceedings{sailer04ccs,
 author = "Reiner Sailer and Xiaolan Zhang and Trent Jaeger and Leendert van Doorn",
 title = "{Attestation-based Policy Enforcement for Remote Access}",
 booktitle = "CCS'04",
 year = 2004,
 location = {Washington, DC}
}

@InProceedings{soules05sosp,
 author = "Craig Soules and Greg Ganger",
 title = "{Connections: {Using} Context to Enhance File Search}",
 booktitle = "SOSP'05",
 year = 2005,
 location = {Brighton, UK}
}

@InProceedings{toninelli06iswc,
 author = "Alessandra Toninelli and Rebecca Montanari and Lalana Kagal and Ora Lassila",
 title = "{A Semantic Context-Aware Access Control Framework for Secure Collaborations in Pervasive Computing Environments}",
 booktitle = "ISWC'06",
 year = 2006,
 location = {Athens, GA}
}

@InProceedings{yokoyama06mdm,
 title = "{An Anonymous Context Aware Access Control Architecture For Ubiquitous Services}",
 author = {Yokoyama, S. and Kamioka, E. and Yamada, S.},
 booktitle = {MDM'06},
 year = {2006},
 location = {Nara, Japan}
}

@InProceedings{corradi04compsac,
 author = {Antonio Corradi and Rebecca Montanari and Daniela Tibaldi},
 title = "{Context-Based Access Control for Ubiquitous Service Provisioning}",
 booktitle = {COMPSAC'04},
 year = {2004},
 loacation = {Hong Kong, China}
}

@article{kapsalis06sd,
 author = "Vassilis Kapsalis and Loukas Hadellis and Dimitris Karelis and Stavros Koubias",
 title = "{A Dynamic Context-Aware Access Control Architecture for e-Services}",
 journal = "Computers and Security",
 volume = "25",
 number = "7",
 year = "2006",
 month = "October"
}

@article{bhatti05dpd,
 title = "{A Trust-Based Context-Aware Access Control Model for Web-Services}",
 author = {Rafae Bhatti and Elisa Bertino and Arif Ghafoor},
 journal = {Distributed and Parallel Databases},
 volume = {18},
 number = {1},
 year = {2005},
 month = {July}
}

@InProceedings{saidane07icas,
 title="{Adaptive Context-Aware Access Control Policy in Ad-Hoc Networks}",
 author={Ayda Saidane},
 booktitle ={ICAS'07},
 year={2007},
 location = {Athens, Greece}
}

@InProceedings{chazelle04bloomier,
 title="{The Bloomier Filter: An Efficient Data Structure for Static Support Lookup Tables}",
 author={Bernard Chazelle and Joe Kilian and Ronitt Rubinfeld and Ayellet Tal},
 booktitle ={DA'04},
 year={2004},
 location = {Baltimore, MD}
}

@article{fan00counting,
 title="{Summary Cache: A Scalable Wide-Area Web Cache Sharing Protocol, IEEE/ACM Transactions on Networking}",
 author={Li Fan and Pei Cao and Jussara Almeida and Andrei Z. Broder},
 journal = {IEEE/ACM Trans. on Networking},
 volume = "8",
 number = "3",
 year = "2000",
 month = "June"
}

@InProceedings{kim02fast,
 author = {Minkyong Kim and Landon P. Cox and Brian D. Noble},
 title = "{Safety, Visibility, and Performance in a Wide-Area File System}",
 booktitle = {FAST'02},
 year = {2002},
 location = {Monterey, CA}
}

@article{spasojevic96tocs,
 author = {Mirjana Spasojevic and Transarc Corporation and M. Satyanarayanan},
 title = "{An Empirical Study of a Wide-Area Distributed File System}",
 journal = {ACM Trans. on Computer Systems},
 year = {1996},
 volume = {14},
 number = {2},
 pages = {200--222}
}

@article{kistler92tocs,
 author = {James J. Kistler and M. Satyanarayanan},
 title = "{Disconnected Operation in the Coda File System}",
 journal = {ACM Trans. on Computer Systems},
 year = {1992},
 volume = {10},
 number = {1},
 pages = {3--25}
}

@Manual{nfs95spec,
 title =    "{NFS Version 3 Protocol Specification, RFC 1813}",
 author =   {Brent Callaghan and Brian Pawlowski and Peter Staubach},
 organization = {IETF},
 month =    {June},
 year =     {1995},
 note =     {http://www.ietf.org/rfc/rfc1813.txt},
}

@Misc{ama07survey,
 author = "{American Management Association}",
 title = "{2007 Electronic Monitoring and Surveillance Survey}",
 howpublished = "AMA Press Release -- \url{http://press.amanet.org/press-releases/177/2007-electronic-monitoring-surveillance-survey/}",
 month = {February},
 year = {2008}
}

@Misc{pcmag08monitoring,
 author = {B. Petersen},
 title = "{Employee Monitoring: It's Not Paranoia You Really Are Being Watched!}",
 howpublished = "PC Magazine -- \url{http://www.pcmag.com/article2/0,1759,2308369,00.asp}",
 month = 	 {May},
 year = 	 {2008}
}

@Misc{schulman08littlebro,
 author = 	 {M. Schulman},
 title = 	 "{LittleBrother is Watching You}",
 howpublished = "Santa Clara University -- \url{http://www.scu.edu/ethics/publications/iie/v9n2/brother.html}"
}

@Misc{SDSIweb,
 title = 	 "{Simple Distributed Security Infrastructure (SDSI) web page}",
 howpublished = "\url{http://groups.csail.mit.edu/cis/sdsi.html}"
}

@Misc{ellison99SPKI,
 author = 	 {C. Ellison},
 title = 	 "{IETF RFC 2692: SPKI Requirements}",
 month =        {September},
 year =         {1999}
}

@Misc{RSAweb,
 author =       {RSA Security Inc.},
 title = 	 "{RSA SecurID Authenticators web page}",
 howpublished = "\url{http://www.rsasecurity.com}"
}

@InProceedings{mccune05oakland,
 author = {J. M. McCune and A. Perrig and M. K. Reiter},
 title = "{Seeing-is-Believing: Using Camera Phones for Human-Verifiable Authentication}",
 booktitle = {IEEE Security and Privacy'05},
 year = {2005},
 location = {Oakland, CA}
}

@Misc{pullar04herald,
 author =       {T. Pullar-Strecker},
 title = 	 "{NZ bank Adds Security Online}",
 journal =      {Sidney Morning Herald},
 howpublished = "\url{http://www.smh.com.au}",
 day =          {8},
 month =        {November},
 year =         {2004}
}

@inproceedings{jaeger06IPsecMAC,
 author = {T. Jaeger and D. King and K. Butler and S. Hallyn and J. Latten  and X. Zhang},
 booktitle = {SecureComm'06},
 title = {Leveraging IPsec for Mandatory Per-Packet Access Control},
 year = {2006},
 location = {Baltimore, MD}
}

