@inproceedings{merlin:pldi09,
  author = "Ben Livshits and Aditya Nori and Sriram Rajamani and Anindya
  Banerjee",
  title = "Merlin: Inferring Specifications for Explicit Information Flow
  Problems",
  booktitle = "ACM SIGPLAN Conference on Programming Languages Design and
  Implementation",
  month = "June",
  year = 2009
}

@inproceedings{uncertainty:osdi06,
  author = "Ted Kremenek and Paul Twohey and Godmar Back and Andrew Ng and
  Dawson Engler",
  title = "From Uncertainty to Belief: {Inferring} the Specification Within",
  booktitle = "USENIX/ACM Symposium on Operating Systems Design and
  Implementation",
  month = "December",
  year = 2006
}

@inproceedings{jungloid:pldi05,
  author = "David Mandelin and Lin Xu and Rastislav Bodik and Doug Kimelman",
  title = "Jungloid Mining: {Helping} to Navigate the {API} Jungle",
  booktitle = "ACM SIGPLAN Conference on Programming Languages Design and
  Implementation",
  month = "June",
  year = 2005
}

@inproceedings{twinning:icse10,
  author = "Marius Nita and David Notkin",
  title = "Using Twinning to Adapt Programs to Alternative {APIs}",
  booktitle = "International Conference on Software Engineering",
  month = "May",
  year = 2010
}

@inproceedings{languageMigration:icse10,
 author = {Zhong, Hao and Thummalapenta, Suresh and Xie, Tao and Zhang, Lu and Wang, Qing},
 title = {Mining {API} Mapping for Language Migration},
 booktitle = {Proceedings of the 32nd ACM/IEEE International Conference on Software Engineering - Volume 1},
 year = {2010},
}

@article{sum-product-algo:ieee,
author = {Kschischang, F.R. and Frey, B.J. and Loeliger, H.-A.},
journal = {IEEE Transactions on Information Theory},
title = {Factor graphs and the sum-product algorithm},
year = {2001},
month = {Feb},
}

@incollection{belief-prop,
 author = {Yedidia, Jonathan S. and Freeman, William T. and Weiss, Yair},
 chapter = {Understanding belief propagation and its generalizations},
 title = {Exploring artificial intelligence in the new millennium},
 year = {2003},
}

@misc{uEmu:website,
author = "MicroEmulator Team",
title = "MicroEmulator",
month = "Jan",
year = {2010},
note = "\texttt{http://www.microemu.org/}",
}

@misc{bnt:website,
author = "Kevin Murphy",
title = "Bayes Net Toolbox for Matlab",
month = "October", 
year = 2007,
note = "\texttt{http://code.google.com/p/bnt/}",
}

@misc{asm,
author = "OW2 Consortium",
title = "ASM toolkit",
note = "\url{http://asm.ow2.org}"
}

@misc{android-api:website,
author = "Google",
title = "Android {API} Reference",
note = "\url{http://developer.android.com/reference/packages.html}",
}

@misc{javame-api:website,
author = "Oracle",
title = "Java ME {API} Reference", 
note = "\url{http://docs.oracle.com/javame/config/cldc/ref-impl/midp2.0/jsr118/index.html}",
}

@inproceedings{engler:sosp01,
author = {Engler, Dawson and Chen, David Yu and Hallem, Seth and Chou, Andy and Chelf, Benjamin},
title = {Bugs as deviant behavior: a general approach to inferring errors in systems code},
booktitle = {Symposium on Operating Systems Principles},
year = {2001},
}

@inproceedings{prminer:fse05,
author = {Li, Zhenmin and Zhou, Yuanyuan},
title = {PR-Miner: Automatically Extracting Implicit Programming Rules and Detecting Violations in Large Software Code},
booktitle = {Foundations of Software Engineering},
year = {2005},
}

@inproceedings{dynamine:fse05,
author = {Livshits, Benjamin and Zimmermann, Thomas},
title = {DynaMine: Finding Common Error Patterns by Mining Software Revision Histories},
booktitle = {Foundations of Software Engineering},
year = {2005},
}

@inproceedings{strathcona:icse05,
author = {Holmes, Reid and Walker, Robert J. and Murphy, Gail C.},
title = {Strathcona Example Recommendation Tool},
booktitle = {Foundations of Software Engineering},
year = {2005},
}

@inproceedings{type:pldi12,
title = "Type-Directed Completion of Partial Expressions",
author = "Daniel Perelman and Sumit Gulwani and Tom Ball and Dan Grossman",
  booktitle = "ACM SIGPLAN Conference on Programming Languages Design and
  Implementation",
year = 2012
}

@inproceedings{matchmaker:oopsla11,
author = {Yessenov, Kuat and Xu, Zhilei and Solar-Lezama, Armando},
title = {Data-driven Synthesis for Object-Oriented Frameworks},
booktitle = {Object Oriented Programming Systems Languages And Applications},
year = {2011},
}

@inproceedings{mapo:ecoop09,
author = {Zhong, Hao and Xie, Tao and Zhang, Lu and Pei, Jian and Mei, Hong},
title = {MAPO: Mining and Recommending {API} Usage Patterns},
booktitle = {European Conference on Object-Oriented Programming},
year = {2009},
}

@inproceedings{semdiff:icse09,
author = {Dagenais, Barthelemy and Robillard, Martin P.},
title = {SemDiff: Analysis and recommendation support for {API} evolution},
booktitle = {Proceedings of the 31st International Conference on Software Engineering},
year = {2009},
}

@inproceedings{tilevich:neat2011,
author = "Eeshan Shah and Eli Tilevich",
title = "Reverse-Engineering User Interfaces to Facilitate Porting to and across Mobile Devices and Platforms",
booktitle = "Workshop on NExt-generation Applications of smarTphones",
year = 2011
}

@misc{j2me-android-bridge:website,
author = "Assembla",
title = "J2ME Android Bridge",
note = "\url{http://www.assembla.com/spaces/j2ab/wiki}",
}

@misc{app-runner:website,
author = "Netmite Corporation",
title = "App Runner",
note = "\url{http://www.netmite.com/android/}",
}

@misc{up-on-tek:website,
title = "UpOnTek",
note = "\url{http://www.upontek.com/index.php}",
}

@misc{javame-wtk:website,
author = "Oracle",
title = "Sun {Java} Wireless Toolkit for {CLDC}, 2.5.1",
note = "\url{http://java.sun.com/products/sjwtoolkit/download-2_5_1.html}",
} 

@article{kamiya:2002,
author = {Kamiya, Toshihiro and Kusumoto, Shinji and Inoue, Katsuro},
title = {CCFinder: a multilinguistic token-based code clone detection system for large scale source code},
journal = {IEEE Trans. Softw. Eng.},
month = jul,
year = {2002},
}

@inproceedings{wahler:2004,
author={Wahler, V. and Seipel, D. and Wolff, J. and Fischer, G.},
booktitle={Source Code Analysis and Manipulation, 2004. Fourth IEEE International Workshop on},
title={Clone detection in source code by frequent itemset techniques},
year={2004},
}

@inproceedings{baker:1995,
 author = {Baker, B. S.},
 title = {On finding duplication and near-duplication in large software systems},
 booktitle = {Proceedings of the Second Working Conference on Reverse Engineering},
 year = {1995},
}

@inproceedings{baxter:2004,
 author = {Baxter, Ira D. and Pidgeon, Christopher and Mehlich, Michael},
 title = {DMS\&\#174;: Program Transformations for Practical Scalable Software Evolution},
 booktitle = {Proceedings of the 26th International Conference on Software Engineering},
 year = {2004},
}

@inproceedings{gabel:icse08,
 author = {Gabel, Mark and Jiang, Lingxiao and Su, Zhendong},
 title = {Scalable detection of semantic clones},
 booktitle = {Proceedings of the 30th international conference on Software engineering},
 year = {2008},
}

@inproceedings{krinke:wcre01,
 author = {Krinke, Jens},
 title = {Identifying Similar Code with Program Dependence Graphs},
 booktitle = {Proceedings of the Eighth Working Conference on Reverse Engineering (WCRE'01)},
 year = {2001},
}

@inproceedings{jiang:issta09,
 author = {Jiang, Lingxiao and Su, Zhendong},
 title = {Automatic mining of functionally equivalent code fragments via random testing},
 booktitle = {Proceedings of the eighteenth international symposium on Software testing and analysis},
 year = {2009},
}

@inproceedings{swing-to-swt,
author={Bartolomei, T.T. and Czarnecki, K. and Laandmmel, R.},
booktitle={Software Maintenance (ICSM), 2010 IEEE International Conference on},
title={Swing to {SWT} and back: Patterns for {API} migration by wrapping},
year={2010},
}
