@misc{results,
	title = "Concept lattices for our case studies",
	note = "Available online at: \texttt{http://www.cs.wisc.edu/$\sim$vg/papers/tr1580}"
}

@misc{PENNMUSH,
	title = "The {PennMUSH} multi-user dungeon online game server",
	note = "\url{http://pennmush.org}"
}

@inproceedings{amb+03,
  author = "G. Ammons and D. Mandelin and R. Bod\'{i}k and J. R. Larus",
  title = "Debugging Temporal Specifications with Concept Analysis",
  booktitle = "Proc. PLDI",
  month = "June",
  year = 2003
}

@techreport{a72,
  author = "J. P. Anderson",
  title = "Computer Security Technology Planning Study, Volume {II}",
  institution = "Deputy for Command and Management Systems",
  number = "ESD-TR-73-51",
  address = "L. G. Hanscom Field, Bedford, MA",
  month = "October",
  year = 1972
}

@misc{aosd,
  key = "Aosd",
  title = "Aspect-oriented Software Development Glossary",
  note = "\url{http://aosd.net/wiki/index.php?title=Glossary}"
}

@inproceedings{blw05,
  author = "L. Bauer and J. Ligatti and D. Walker",
  title = "Composing Security Policies with {Polymer}",
  booktitle = "Proc. PLDI",
  month = "June",
  year = 2005
}

@article{bpw+90,
  author = "J. Berger and J. Picciotto and J. Woodward and P. Cummings",
  title = "Compartmented Mode Workstation: {Prototype} Highlights",
  journal = "IEEE Transactions on Software Engineering",
  volume = 16,
  number = 6,
  month = "June",
  year = 1990
}

@inproceedings{cmm+05,
  author = "M. Ceccato and M. Marin and K. Mens and L. Moonen and P. Tonella
	and T. Tourwe",
  title = "A Quantitative Comparison of Three Aspect Mining Techniques",
	booktitle = "Proc. 13th Intl. Wkshp. on Program Comprehension",
	month = "May",
	year = 2005
}

@article{eks03,
	author = "T. Eisenbarth and R. Koschke and D. Simon",
	title = "Locating Features in Source Code",
	journal = "IEEE TSE",
	volume = 29,
	number = 3,
	month = "March",
	year = 2003
}

@article{emo+94,
  author = "J. Epstein and J. McHugh and H. Orman and R. Pascale and A-M.
  Squires and B. Danner and C. Martin and M. Branstad and G. Benson and D.
  Rothnie",
  title = "A High Assurance Window System Prototype",
  journal = "Journal of Computer Security",
  volume = 2,
  number = {2-3},
  year = 1993
}

@phdthesis{e04,
  author = "U. Erlingsson",
  title = "The Inlined Reference Monitor Approach to Security Policy
  Enforcement",
  school = "Cornell University",
  month = "January",
  year = 2004
}

@inproceedings{et99,
  author = "D. Evans and A. Twyman",
  title = "Flexible Policy-Directed Code Safety",
  booktitle = "Proc. 1999 IEEE S\&P",
  month = "May",
  year = 1999
}

@inproceedings{f06,
  author = "B. Fletcher",
  title = "Case study: {Open} source and Commercial Applications in a
  {Java}-based {\selinux} Cross-Domain Solution",
  booktitle = "Second Annual Security-enhanced Linux Symp.",
  month = "March",
  year = 2006
}

@inproceedings{gjj05,
  author = "V. Ganapathy and T. Jaeger and S. Jha", 
  title = "Automatic placement of authorization hooks in the {Linux} security
  modules framework",
  booktitle = "Proc. ACM CCS",
  month = "November",
  year = 2005
}

@inproceedings{gjj06,
  author = "V. Ganapathy and T. Jaeger and S. Jha", 
  title = "Retrofitting Legacy Code for Authorization Policy Enforcement",
  booktitle = "Proc. 2006 IEEE S\&P",
  month = "May",
  year = 2006
}

@article{gma95,
	author = "R. Godin and R. Missaoui and H. Alaoui",
	title = "Incremental Concept Formation Algorithms based on {Galois} (concept)
	Lattices",
	journal = "Computational Intelligence",
	volume = 11,
	number = 2,
	pages = "246--267",
	year = 1995
}

@inproceedings{hms06,
  author = "M. Hocking and K. Macmillan and D. Shankar",
  title = "Case study: {Enhancing} {IBM} {Websphere} with {\selinux}",
  booktitle = "Second Annual Security-enhanced Linux Symp.",
  month = "March",
  year = 2006
}

@article{jez04,
  author = "T. Jaeger and A. Edwards and X. Zhang",
  title = "Consistency Analysis of Authorization Hook Placement in the {Linux}
  Security Modules Framework",
  journal = "ACM TISSEC",
  volume = "7",
  number = "2",
  pages = "175--205",
  month = "May",
  year = 2004
}

@inproceedings{klm+97,
  author = "G. Kiczales and J. Lamping and A. Mendhekar and C. Maeda and C.
  Lopes and J.-M. Loingtier and J. Irwin",
  title = "Aspect-oriented programming",
  booktitle = "Proc. ECOOP",
  month = "June",
  year = 1997
}

@techreport{ksv03,
  author = "D. Kilpatrick and W. Salamon and C. Vance",
  title = "Securing the {X} {Window} System with {SELinux}",
  institution = "NAI Labs",
  number = "03-006",
  month = "March",
  year = "2003"
}
  
@inproceedings{ls01a,
  author = "P. Loscocco and S. Smalley",
  title = "Integrating Flexible Support for Security Policies into the {Linux}
  Operating System",
  booktitle = "FREENIX track: USENIX Annual Technical Conf.",
  month = "June",
  year = 2001
}
  
@inproceedings{nmr+02,
  author = "G. C. Necula and S. McPeak and S. P. Rahul and W. Weimer",
  title = "{CIL:} {Intermediate} Language and Tools for Analysis and
  Transformation of {C} Programs",
  booktitle = "International Conf. on Compiler Construction",
  month = "April",
  year = 2002,
  note = "Available at: \url{http://manju.cs.berkeley.edu/cil}"
}

@article{w82,
	author = "R. Wille",
	title = "Restructuring Lattice Theory: An Approach Based on Hierarchies of
	Concepts",
	journal = "Ordered Sets",
	pages = "445-470",
	editor = "I. Rival",
	publisher = "Dordrecht-Boston: Reidel",
	year = 1982
}

@inproceedings{wcs+02,
  author = "C. Wright and C. Cowan and S. Smalley and J. Morris and G.
  Kroah-Hartman",
  title = "{Linux} Security Modules: {General} Security Support for the 
  {Linux} Kernel",
  booktitle = "USENIX Security Symp.",
  month = "August",
  year = 2002
}

@misc{xserver,
  key = "xserver",
  title = "{The X11 Server, version X11R6.8 (X.Org Foundation)}",
}

@inproceedings{zej02,
  author = "X. Zhang and A. Edwards and T. Jaeger",
  title = "Using {CQUAL} for Static Analysis of Authorization Hook Placement",
  booktitle = "USENIX Security Symp.",
  month = "August",
  year = 2002
}

@misc{selinux-symposium-04,
  key = "selinux-symposium-04",
  note = "\url{http://www.selinux-symposium.org/meeting.php}",
  title = "{Summary of first annual \selinux\ meeting}",
  address = "Columbia, Maryland",
  year = 2004,
  month = "May",
}

@phdthesis{s98,
	author = "M. Siff",
	title = "Techniques for Software Renovation",
	school = "University of Wisconsin-Madison",
	year = 1998
}

@inproceedings{tc04,
	author = "P. Tonella and M. Ceccato",
	title = "Aspect mining trhough the formal concept analysis of execution
	traces",
	booktitle = "Proc. 11th Conf. on Reverse Engineering",
	month = "November",
	year = 2004
}

@inproceedings{tm04,
	author = "T. Tourwe and K. Mens",
	title = "Mining aspectual views using formal concept analysis",
	booktitle = "Proc. 4th Intl. Wkshp. on Source code Analysis and Manipulation",
	month = "September",
	year = 2004
}

@inproceedings{vk99,
	author = "A. van Duersen and T. Kuipers",
	title = "Identifying objects using cluster and concept analysis",
	booktitle = "Proc. ICSE",
	month = "May",
	year = 1999
}

@inproceedings{st98,
	author = "G. Snelting and F. Tip",
	title = "Reengineering class hierarchies using concept analysis",
	booktitle = "Proc. ACM SIGSOFT FSE",
	month = "November",
	year = 1998
}

@inproceedings{ls97,
	author = "C. Lindig and G. Snelting",
	title = "Assesing modular structure of legacy code based on mathematical
	concept analysis",
	booktitle = "Proc. ICSE",
	month = "May",
	year = 1997
}

