@misc{TODO,
  title = "\todo{Citation to be filled}"
}

@string{fase = "International Conference on Fundamental Approaches to Software Engineering (FASE)"}

@string{ase = "IEEE/ACM International Conference on Automated Software Engineering (ASE)"}

@string{oopsla = "ACM Symposium on Object-Oriented Programming, Systems,
Languages and Applications (OOPSLA)"}

@string{icse = "International Conference on Software Engineering (ICSE)"}

@string{fse = "ACM SIGSOFT International Symposium on the Foundations of
Software Engineering (FSE)"}

@string{tse = "IEEE Transactions on Software Engineering (TSE)"}

@string{issta = "International Symposium on Software Testing and Analysis (ISSTA)"}

@string{pldi = "ACM SIGPLAN Conference on Programming Language Design and Implementation (PLDI)"}

@string{acsac = "Annual Computer Security Applications Conference (ACSAC)" }

@string{lastaccessed = {}}

@string{usenixsec = {USENIX Security Symposium}}

@string{sac = {ACM Symposium on Applied Computing (SAC)}}

@string{ndss = "Network and Distributed System Security Symposium (NDSS)"}

@string{esorics = "European Symposium on Research in Computer Security (ESORICS)"}

@string{cacm = "Communications of the ACM (CACM)"}

@string{fc = "International Conference on Financial Cryptography and Data Security (FC)"}

@string{asplos = "International Conference on Architectural Support for Programming Languages
  and Operating Systems (ASPLOS)"}

@string{acmccs = "ACM Conference on Computer and Communications Security (CCS)" }

@string{hotmobile = "HotMobile" }

@string{sosp = "ACM Symposium on Opererating Systems Principles (SOSP)" }

@string{mobisys = "International Conference on Mobile Systems, Applications, and Services (MobiSys)" }

@string{oakland = "IEEE Symposium on Security and Privacy (Oakland)" }

@string{eurosys = "European Conference on Computer Systems (EuroSys)" }

@string{hotos = "USENIX Workshop on Hot Topics in Operating Systems (HotOS)"}

@string{icac = "International Conference on Autonomic Computing (ICAC)"}

@string{most = "IEEE Mobile Security Technologies Workshop (MoST)" }

@string{asiaccs = "ACM Sympsium on Information, Computer and Communications Security (ASIACCS)" }

@string{isc = "International Information Security Conference (ISC)"}

@string{securecomm = "International Conference on Security and Privacy in Communication Networks (SecureComm)"}

@string{osdi = "USENIX Symposium on Operating Systems Design and Implementation
(OSDI)"}

@string{hotsec = "Workshop on Hot Topics in Security (HotSec)" }

@string{ubicomp = "ACM International Joint Conference on Pervasive and Ubiquitous Computing (UbiComp)" }

@string{soups = "Symposium on Usable Privacy and Security (SOUPS)"}

@misc{phonegap,
  title = "Adobe {PhoneGap}",
  note = "\url{http://phonegap.com}"
}

@misc{sencha,
  title = "Sencha: {HTML5} App Development",
  note = "\url{http://www.sencha.com}"
}

@misc{worklight,
  title = "{IBM} {MobileFirst} Platform Foundation",
  note = "\url{http://www-03.ibm.com/software/products/en/mobilefirstfoundation}"
}

@misc{xamarin,
  title = "{Xamarin} -- {Mobile App Development and App Creation Software}",
  note = "\url{http://xamarin.com}"
}

@misc{apportable,
  title = "Apportable -- {Objective-C} for {Android}",
  note = "\url{www.apportable.com}"
}

@misc{mono,
  title = "Mono -- {Cross-platform}, open source \btcode{.NET} framework",
  note = "\url{http://www.mono-project.com}"
}

@misc{jsonnet,
  title = "{Json.NET} -- Popular high-performance {JSON} framework for
  \btcode{.NET}",
  note = "\url{http://james.newtonking.com/json}"
}

@inproceedings{mam:icse10,
 author = {Zhong, H. and Thummalapenta, S. and Xie, T. and Zhang, L. and Wang,
 Q.},
 title = {Mining {API} Mapping for Language Migration},
 booktitle = icse,
 year = {2010},
}

@article{robillard:tse,
  author = "M. P. Robillard and E. Bodden and D. Kawrykow and M. Mezini and T.
  Ratchford",
  title = "Automated {API} Property Inference Techniques",
  journal = tse,
  volume = 39,
  number = 5,
  month = May,
  year = 2013
}


@article{mckeeman:difftest:1998,
  author = "W. M. McKeeman",
  title = "Differential testing for software",
  journal = "Digital Technical Journal",
  volume = 10,
  number = 1,
  month = Dec,
  year = 1998
}

@misc{xam:bzil:25895,
  title = "Wrong exception is thrown when calling
  \btcode{System}.\btcode{Globalization}.\btcode{CharUnicodeInfo}.\btcode{GetNumericValue} with invalid index",
  author = "Xamarin Bug~25895",
  note = "\url{https://bugzilla.xamarin.com/show_bug.cgi?id=25895}"
}

@misc{xam:bzil:27901,
  title = "\btcode{XmlConvert}.\btcode{ToString} returns wrong value",
  author = "Xamarin Bug~27901",
  note = "\url{https://bugzilla.xamarin.com/show_bug.cgi?id=27901}"
}

@misc{xam:bzil:27910,
  title = "\btcode{XmlParserContext} Constructor not throwing \btcode{XmlException}
  when it should",
  author = "Xamarin Bug~27910",
  note = "\url{https://bugzilla.xamarin.com/show_bug.cgi?id=27910}"
}

@misc{xam:bzil:27922,
  title = "\btcode{XmlConvert.ToUnit} throwing wrong/inconsistent exception",
  author = "Xamarin Bug~27922",
  note = "\url{https://bugzilla.xamarin.com/show_bug.cgi?id=27922}"
}

@misc{xam:bzil:27982,
  title = "Inconsistent behavior in \btcode{DynamicAttribute.Equals}",
  author = "Xamarin Bug~27982",
  note = "\url{https://bugzilla.xamarin.com/show_bug.cgi?id=27982}"
}

@misc{xam:bzil:28017,
  title = "\btcode{NameTable.Add} throwing wrong/inconsistent exception",
  author = "Xamarin Bug~28017",
  note = "\url{https://bugzilla.xamarin.com/show_bug.cgi?id=28017}"
}

@misc{xam:bzil:28123,
  title = "Inconsistent behavior in
	\btcode{System}.\btcode{Xml}.\btcode{XmlReaderSettings}.\btcode{MaxCharactersInDocument}",
  author = "Xamarin Bug~28123",
  note = "\url{https://bugzilla.xamarin.com/show_bug.cgi?id=28123}"
}

@misc{xam:bzil:28134,
  title = "\btcode{System}.\btcode{Text}.\btcode{EncoderFallbackException}
	inconsistent initial state compared to \btcode{.NET}
	(two inconsistencies assigned to this bug identifier)",
  author = "Xamarin Bug~28134",
  note = "\url{https://bugzilla.xamarin.com/show_bug.cgi?id=28134}"
}

@misc{xam:bzil:28562,
  title = "Incorrect \btcode{System}.\btcode{Numerics}.\btcode{Complex}.\btcode{Pow}
	result",
  author = "Xamarin Bug~28562",
  note = "\url{https://bugzilla.xamarin.com/show_bug.cgi?id=28562}"
}

@misc{xam:bzil:28571,
  title = "Incorrect behavior in
	\btcode{System}.\btcode{Numerics}.\btcode{BigInteger}",
  author = "Xamarin Bug~28571",
  note = "\url{https://bugzilla.xamarin.com/show_bug.cgi?id=28571}"
}

@misc{xam:bzil:28572,
  title = "Incorrect/Inconsistent behavior in
	\btcode{System}.\btcode{Numerics}.\btcode{Complex}.\btcode{Divide}",
  author = "Xamarin Bug~28572",
  note = "\url{https://bugzilla.xamarin.com/show_bug.cgi?id=28572}"
}

@misc{nader:connect:1,
  title = "{\btcode{System.Globalization.NumberFormatInfo.CurrentInfo} property
          is not read-only when called from {Windows Phone 8.1}}",
  note = "Microsoft Visual Studio Connect Bug~ID 1082098",
  month = "January",
  year = 2015
}

@article{fuzz:unix,
  author = "B. P. Miller and L. Fredriksen and B. So",
  title = "An Empirical Study of the Reliability of {UNIX} Utilities",
  journal = cacm,
  volume = 33,
  number = 12,
  month = Dec,
  year = 1990
}

@inproceedings{fuzz:nt,
  author = "J. E. Forrester and B. P. Miller",
  title = "An Empirical Study of the Robustness of {Windows} {NT} Applications
  using Random Testing",
  booktitle = "USENIX Windows Systems Symposium",
  year = 2000
}

@article{jcrasher,
  author = "C. Csallner and Y. Smaragdakis",
  title = "{JCrasher}: {An} Automatic Robustness Tester for {Java}",
  journal = "Software--Practice and Experience",
  volume = 34,
  number = 11,
  year = 2004
}

@inproceedings{dsd:issta06,
  author = "C. Csallner and Y. Smaragdakis",
  title = "{DSD-Crasher}: A Hybrid Analysis Tool for Bug~Finding",
  booktitle = issta,
  year = 2006
}

@inproceedings{brumley:sec07,
  title = "Towards Automatic Discovery of Deviations in Binary Implementations
  with Applications to Error Detection and Fingerprint Generation",
  author = "D. Brumley and J. Caballero and Z. Liang and J. Newsome and D.
  Song",
  booktitle = usenixsec,
  year = 2007
}

@inproceedings{xpert:icse13,
  author = "S. Choudhary and M. Prasad and A. Orso",
  title = "{X-PERT}: {Accurate} Identification of Cross-Browser Issues in {Web}
  Applications",
  year = 2013,
  booktitle = icse,
}

@inproceedings{csmith:pldi11,
  author = "X. Yang and Y. Chen and E. Eide and J. Regehr",
  title = "Finding and Understanding Bugs in {C} Compilers",
  booktitle = pldi,
  year = 2011
}

@inproceedings{md2:sac13,
  author = "H. Heikotter and T. Majchrzak and H. Kuchen",
  title = "Cross-Platform Model-Driven Development of Mobile Applications with
  {MD$^2$}",
  booktitle = sac,
  year = 2013
}

@inproceedings{dynodroid:fse13,
  author = "A. Machiry and R. Tahiliani and M. Naik",
  title = "Dynodroid: An Input generation System for {Android} apps",
  booktitle = fse,
  year = 2013
}

@inproceedings{concolicandroid:fse12,
  author = "S. Anand and M. Naik and H. Yang and M. Harrold",
  title = "Automated Concolic Testing of Smartphone Apps",
  booktitle = fse,
  year = 2012
}

@inproceedings{eventbreak:oopsla14,
  author = "M. Pradel and P. Schuh and G. Necula and K. Sen",
  title = "EventBreak: {Analyzing} the Responsiveness of User Interfaces
  through Performance-Guided Test Generation",
  booktitle = oopsla,
  year = 2014
}

@inproceedings{azim:oopsla13,
  author = "T. Azim and I. Neamtiu",
  title = "Targeted and Depth-first Exploration for Systematic Testing of
  {Android} Apps",
  booktitle = oopsla,
  year = 2013
}

@inproceedings{memon:ase07,
  author = "P. Brooks and A. Memon",
  title = "Automated {GUI} testing guided by usage profiles",
  booktitle = ase,
  year = 2007
}

@article{guitar:memon,
  author = "B. Nguyen and B. Robbins and I. Banerjee and A. Memon",
  title = "{GUITAR}: An Innovative Tool for Automated Testing of {GUI}-driven
  Software",
  journal = "Journal of Automated Software Engineering",
  number = "1",
  volume = "21",
  year = 2014
}

@inproceedings{rosetta:icse13,
  author = "A. Gokhale and V. Ganapathy and Y. Padmanaban",
  title = "Inferring Likely Mappings Between {APIs}",
  booktitle = icse,
  year = 2013
}

@misc{myappconverter,
  title = "{MyAppConverter} -- Develop Once, Run Anywhere",
  note = "\url{http://www.myappconverter.com}"
}

@inproceedings{fmap:issta14,
  author = "S. R. Choudhary and M. R. Prasad and A. Orso",
  title = "Cross-Platform Feature Matching for {Web} Applications",
  booktitle = issta,
  year = 2014
}

@inproceedings{oracle:pldi11,
  author = "V. Srivastava and M. D. Bond and K. S. McKinley and V. Shmatikov",
  title = "A Security Policy Oracle: {Detecting} Security Holes using Multiple
  {API} Implementation",
  booktitle = pldi,
  year = 2011
}

@inproceedings{franken:oak14,
  author = "C. Brubaker and S. Jana and B. Ray and S. Khurshid and V.
  Shmatikov",
  title = "Using {Frankencerts} for Automated Adversarial Testing of
  Certificate Validation in {SSL/TLS} Implementations",
  booktitle = oakland,
  year = 2014
}

@inproceedings{randoop:icse07,
  author = "C. Pacheco and S. K. Lahiri and M. Ernst and T. Ball",
  title = "Feedback-directed Random Test Generation",
  booktitle = icse,
  year = 2007
}

@misc{win10,
  title = "Microsoft invites {Android} and {iOS} apps to join {Windows} 10",
  author = "C. Velazco",
  note = "\url{http://www.engadget.com/2015/04/29/android-ios-apps-on-windows-10}",
  month = "April",
  year = 2015
}

@misc{build15,
	author = "S. Guthrie and T. Myerson and S. Nadella",
	title = "Day One Keynote Presentation, {Microsoft} {Build} Developer
	Conference",
	month = "April",
	year = 2015,
	note = "\url{http://channel9.msdn.com/Events/Build/2015/KEY01}"
}

@inproceedings{zhong:fase13,
	author = "H. Zhong and S. Thummalapenta and T. Xie",
	title = "Exposing Behavioral Differences in Cross-Language {API} Mapping
	Relations",
	booktitle = fase,
	year = 2013
}
