@misc{apache,
  title = "Apache",
  note = "\url{http://www.apache.org/}"
}

@misc{iis,
  title = "Internet Information Services",
  note = "\url{http://www.microsoft.com/windowsserver2003/iis/}"  
}

@inproceedings{ar01,
  author = "M. Arnold and B. G. Ryder",
  title = "A Framework for Reducing the Cost of Instrumented Code",
  booktitle = "Proc. ACM SIGPLAN Conf. on Prog. Lang. Design and Impl. (PLDI)",
  pages = "168--179",
  month = "May",
  year = "2001"
}

@inproceedings{br04,
  author = "G. Balakrishnan and T. W. Reps",
  title = "Analyzing memory accesses in $x86$ binary executables",
  booktitle = "Proc. 13$^{th}$ Intl. Conf. on Compiler Construction (CC)",
  series = "LNCS 2985",
  pages = "5--23",
  month = "April",
  year = "2004"
}

@book{cgp00,
  author = "E. M. Clarke and O. Grumberg and D. A. Peled",
  title = "Model Checking",
  publisher = "MIT Press",
  month = "January",
  year = "2000"
}

@inproceedings{ch04,
  author = "T. M. Chilimbi and M. Hauswirth",
  title = "Low-Overhead Memory Leak Detection Using Adaptive Statistical
  Profiling",
  booktitle = "Proc. 11$^{th}$ Intl. Conf. on Arch. Support for Prog. 
  Lang. and Op. Sys. (ASPLOS)",
  pages = "156--164",
  month = "October",
  year = "2004"
}

@inproceedings{dr02,
  author = "B. Demsky and M. Rinard",
  title = "Role-Based Exploration of Object-Oriented Programs",
  booktitle = "Proc. 24$^{th}$ Intl. Conf. on Soft. Engr. (ICSE)",
  pages = "313--334",
  month = "May",
  year = "2002"
}

@inproceedings{dr03,
  author = "B. Demsky and M. Rinard",
  title = "Automatic Detection and Repair of Errors in Data Structures",
  booktitle = "Proc. 18$^{th}$ ACM SIGPLAN Conf. on Object-Oriented Prog.,
  Systems, Lang. and Appls. (OOPSLA)",
  pages = "78--95",
  month = "October",
  year = "2003"
}

@inproceedings{dz03,
  author = "C. Ding and Y. Zhong",
  title = "Predicting whole-program locality with reuse distance analysis",
  booktitle = "Proc. ACM SIGPLAN Conf. on Prog. Lang. Design and Impl. (PLDI)",
  pages = "245-257",
  month = "June",
  year = "2003"
}

@phdthesis{e00,
  author = "M. D. Ernst",
  title = "Dynamically Discovering Likely Program Invariants",
  school = "University of Washington",
  address = "Seattle, WA",
  month = "August",
  year = "2000"
}

@techreport{esv01,
  author = "A. Edwards and A. Srivastava and H. Vo",
  title = "{Vulcan}: {Binary} transformation in a distributed environment",
  institution = "Microsoft Research",
  number = "2001-50",
  month = "April",
  year = "2001",
}

@article{fv02,
  author = "K. Fisler and M. Y. Vardi",
  title = "Bisimulation Minimization and Symbolic Model Checking",
  journal = "Formal Methods in System Design",
  volume = "21",
  number = "1",
  pages = "39--78",
  month = "July",
  year = 2002
}

@inproceedings{fgh+04,
  author = "H. H. Feng and J. T. Giffin and Y. Huang and S. Jha and W. Lee and
  B. P. Miller",
  title = "Formalizing Sensitivity in Static Analysis for Intrusion Detection",
  booktitle = "Proc. IEEE Symp. on Security and Privacy",
  pages = "194--210",
  month = "May",
  year = "2004"
}

@inproceedings{fkf+03,
  author = "H. H. Feng and O. M. Kolesnikov and P. Fogla and W. Lee and W.
  Gong",
  title = "Anomaly Detection Using Call Stack Information",
  booktitle = "Proc. IEEE Symp. on Security and Privacy",
  pages = "62--77",
  month = "May",
  year = "2003"
}

@inproceedings{hr05,
  author = "B. Hackett and R. Rugina",
  title = "Region-based Shape Analysis with Tracked Locations",
  booktitle = "Proc. 32$^{nd}$ Symp. on Princ. of Prog. Lang. (POPL)",
  month = "January",
  year = "2005",
  note = "To Appear"
}

@inproceedings{hjm04,
  author = "T. A. Henzinger and R. Jhala and R. Majumdar",
  title = "Race Checking by Context Inference",
  booktitle = "Proc. ACM SIGPLAN Conf. on Prog. Lang. Design and Impl. (PLDI)",
  pages = "1--13",
  month = "June",
  year = "2004"
}

@inproceedings{hc01,
  author = "M. Hirzel and T. M. Chilimbi",
  title = "Bursty Tracing: A Framework for Low-Overhead Temporal Profiling",
  booktitle = "Proc. 4$^{th}$ Workshop on Feedback-Directed and Dynamic
  Optimization (FDDO)",
  pages = "117--126",
  month = "December",
  year = "2001"
}

@inproceedings{hhd+02,
  author = "M. Hirzel and J. Henkel and A. Diwan and M. Hind",
  title = "Understanding the connectivity of heap objects",
  booktitle = "Proc. Intl. Symp. on Memory Management (ISMM)",
  pages = "143--156",
  month = "June",
  year = "2002"
}

@inproceedings{hl02,
  author = "S. Hangal and M. S. Lam",
  title = "Tracking Down Software Bugs Using Automatic Anomaly Detection",
  booktitle = "Proc. 22$^{nd}$ Intl. Conf. on Soft. Engr. (ICSE)",
  pages = "291--301",
  month = "May",
  year = "2002"
}

@inproceedings{ksbg02,
  author = "R. Kaushik and P. Shenoy and P. Bohannon and E. Gudes",
  title = "Exploiting Local Similarity to Efficiently Index Paths in
  Graph-Structured Data",
  booktitle = "Proc. 18$^{th}$ Intl. Conf. on Data Engr. (ICDE)",
  pages = "129--140",
  month = "February",
  year = "2002"
}

@inproceedings{kaye04,
  author = "T. Kremenek and K. Ashcraft and J. Yang and D. Engler",
  title = "Correlation Exploitation in Error Ranking",
  booktitle = "Proc. 12$^{th}$ ACM SIGSOFT Symp. on Found. of Soft. Engr.
  (FSE)",
  month = "November",
  year = "2004"
}

@inproceedings{ke03,
  author = "T. Kremenek and D. Engler",
  title = "{Z-Ranking}: {U}sing Statistical Analysis to Counter the Impact of 
  Static Analysis Approximations.",
  booktitle = "Proc. 10$^{th}$ Intl. Static Analysis Symp. (SAS)",
  month = "June",
  year = "2003"
}

@inproceedings{lazj03,
  author = "B. Liblit and A. Aiken and A. X. Zheng and M. I. Jordan",
  title = "Bug Isolation via Remote Program Sampling",
  booktitle = "Proc. ACM SIGPLAN Conf. on Prog. Lang. Design and Impl. (PLDI)",
  pages = "141--154",
  month = "June",
  year = "2003"
}

@inproceedings{m71,
  author = "R. Milner",
  title = "An algebraic definition of simulation between programs",
  booktitle = "Proc 2$^{nd}$ Intl. Joint Conf. on Artif. Intelligence (IJCAI)",
  pages = "481--489",
  year = "1971"
}

@inproceedings{nmw02,
  author = "G. C. Necula and S. McPeak and W. Weimer",
  title = "{CCured}: {T}ype-safe retrofitting of legacy code",
  booktitle = "Proc. 29$^{th}$ Symp. on Princ. of Prog. Lang. (POPL)", 
  pages = "128--139",
  month = "January",
  year = "2002"
}

@inproceedings{p81,
  author = "D. Park",
  title = "Concurrency and automata on infinite objects",
  booktitle = "Proc. 5$^{th}$ GI-Conf. on Theor. Comp. Sci.",
  series = "LNCS 104",
  pages = "167--183",
  publisher = "Springer",
  year = 1981
}
  
@inproceedings{rcd+04,
  author = "M. Rinard and C. Cadar and D. Dumitran and D. Roy and T. Leu and W.
  Beebee",
	title = "Enhancing Server Availability and Security Through Failure-Oblivious
	Computing",
  booktitle = "Proc. 6$^{th}$ Symp. on Operating System Design and Impl.
  (OSDI)",
  month = "December",
  year = "2004"
}
  
@inproceedings{rbc02,
  author = "S. Rubin and R. Bodik and T. M. Chilimbi",
  title = "An efficient profile-analysis framework for data-layout
  optimizations",
  booktitle = "Proc. 29$^{th}$ Symp. on Princ. of Prog. Lang. (POPL)",
  month = "January",
  year = "2002",
  pages = "140--153"
}
  
@article{srw02,
  author = "M. Sagiv and T. W. Reps and R. Wilhelm",
  title = "Parametric shape analysis via 3-valued logic",
  journal = "ACM Trans. Prog. Lang. Syst. (TOPLAS)",
  volume = "24",
  number = "3",
  pages = "217--298",
  month = "May",
  year = "2002"
}  

@inproceedings{zll+04,
  author = "P. Zhou and W. Liu and F. Long and S. Lu and F. Qin and Y. Zhou and
  S. Midkiff and J. Torrellas",
  title = "{AccMon}: {A}utomatically Detecting Memory-Related Bugs via Program 
  Counter-based Invariants",
  booktitle = "Proc. 37$^{th}$ Intl. Symp. on Micro-architecture (MICRO)",
  month = "December",
  year = "2004"
}

@article{ns03,                                                                        
  author = "N. Nethercote and J. Seward",                                                  
  title = "{Valgrind}: {A} Program Supervision Framework",                                               
  journal = "Elec. Notes in Theor. Comp. Sci. (ENTCS)",
  volume = "89",                                                                                     
  number = "2",                                                                                       
  publisher = "Elsevier",                                                                            
  year = "2003"                                                                                      
}                                                                                                      
                                                                                                       
@inproceedings{hj92,                                                                         
  author = "R. Hastings and B. Joyce",                                                                
  title = "{P}urify: {F}ast Detection of Memory Leaks and Access Errors",                                  
  booktitle = "Winter USENIX Conference",                                                              
  pages = "125--136",
  month = "January",
  year = "1992"                                                                                        
} 

@inproceedings{prw03,
  author = "D. W. Price and A. Rudys and D. S. Wallach",
  title = "Garbage Collector Memory Accounting in Language-Based Systems",
  booktitle = "Proc. IEEE Symp. on Security and Privacy",
  pages = "263--274",
  year = "2003"
}

@inproceedings{sph+02,
  author = "T. Sherwood and E. Perelman and G. Hamerly and B. Calder",
  title = "Automatically Characterizing Large Scale Program Behaviour",
  booktitle = "Proc. 10$^{th}$ Intl. Conf. on Arch. Support for Prog. Lang. and
  Op. Sys. (ASPLOS)",
  pages = "45--57",
  month = "October",
  year = "2002"
}

@inproceedings{szd04,
  author = "X. Shen and Y. Zhong and C. Ding", 
  title = "Locality Phase Prediction",
  booktitle = "Proc. 11$^{th}$ Intl. Conf. on Arch. Support for Prog. Lang. and
  Op.  Sys. (ASPLOS)",
  pages = "165--176",
  month = "October",
  year = "2004"
}

@inproceedings{ssc03,
  author = "T. Sherwood and S. Sair and B. Calder",
  title = "Phase Tracking and Prediction",
  booktitle = "Proc. 30$^{th}$ Intl. Symp. on Computer Architecture (ISCA)",
  pages = "336--347",
  month = "June",
  year = "2003"
}

@inproceedings{sbb+01,
  author = "R. Sekar and M. Bendre and D. Dhurjati and P. Bollineni",
  title = "A Fast Automaton-Based Method for Detecting Anomalous Program
  Behaviors.",
  booktitle = "Proc. IEEE Symp. on Security and Privacy", 
  pages = "144-155",
  month = "May",
  year = "2001"
}
  
@inproceedings{svb+03,
  author = "R. Sekar and V. N. Venkatakrishnan and S. Basu and S. Bhatkar and
  D. C. DuVarney",
  title = "Model-Carrying Code: {A} Practical Approach for Safe Execution of
  Untrusted Applications",
  booktitle = "Proc. 19$^{th}$ ACM Symp. on Operating System Principles
  (SOSP)",
  pages = "15--28",
  year = "2003"
}

@inproceedings{wd01,
  author = "D. Wagner and D. Dean",
  title = "Intrusion Detection via Static Analysis",
  booktitle = "Proc. IEEE Symp. on Security and Privacy",
  pages = "156--169",
  month = "May",
  year = "2001"
}

@inproceedings{yr04,
  author = "E. Yahav and G. Ramalingam",
  title = "Verifying Safety Properties using Separation and Heterogenous
  Abstractions",
  booktitle = "Proc. ACM SIGPLAN Conf. On Prog. Lang. Design and Impl.",
  pages = "25--34",
  Month = "June",
  year = "2004"
}
