@misc{TODO,
  title ="\todo{To be filled}"
}

@misc{openmoko,
  title = "OpenMoko Mobile Phones",
  note = "\url{http://www.openmoko.com}"
}

@misc{govschool,
  title = "{NJ} {Governor's} School of Engineering and Technology",
  note = "\url{http://www.osd.rutgers.edu/gs}",
}

@misc{govschool-report,
  title = "{A} Multidimensional Analysis of Malware",
  author = "M. Dorrell and L. Rustom and J. Schmidt and S. Tricanowicz",
  note = "\url{http://www.osd.rutgers.edu/gs/08papers/Paper08-Worms.pdf}"
}

@misc{azul,
	title = "Optimistic Thread Concurrency: {Breaking} the Scale Barrier",
	author = "B. Goetz",
	note = "Azul Systems Technical Whitepaper",
	year = 2009
}

@inproceedings{rock,
  author = "S. Chaudhry",
  title = "{Rock}: {A} third generation 65nm, 16-Core, 32 Thread + 32
  Scout-Threads {CMT} {SPARC} Processor",
  booktitle = "HotChips",
  year = 2008
}

@misc{jakarta,
  key = "Jakarta Apache Commons",
  title = "Jakarta {Apache} {Commons}",
  note = "\url{http://commons.apache.org/transaction}"
}

@misc{mysql,
  author = "M.D. Matthews",
  title = "Distributed Transactions with {MYSQL} {XA}",
  booktitle = "MySQL Users Conference",
  year = 2005
}

@misc{weirdx,
  key = "weirdx",
  author = "JCraft",
  title = "{WeirdX}---pure {Java} Window System Server under {GPL}",
  note = "\url{http://www.jcraft.com/weirdx}"
}

@misc{freecs,
  key = "FreeCS",
  title = "{FreeCS}---The free chatserver",
  note = "\url{http://freecs.sourceforge.net}"
}

@misc{tar,
  key = "Tar",
  title = "Tar for {Java}: The com.ice.tar package",
  note = "\url{http://trustice.com/java/tar}"
}

@misc{tpm,
  author = "Trusted Computing Group",
  note = "\url{https://www.trustedcomputinggroup.org/specs/TPM}",
  title = "Trusted Platform Module ({TPM}) Specifications"
}

@misc{logtm,
  title = "Log-based Transactional Memory: {University} of
  {Wisconsin}-{Madison}",
  note = "\url{http://www.cs.wisc.edu/multifacet/logtm}"
}

@misc{tcc,
  title = "Stanford Transactional Coherence and Consistency Project",
  note = "\url{http://tcc.stanford.edu}"
}

@misc{metatm,
  title = "{MetaTM} and {TxLinux}: {University} of {Texas} at {Austin}",
  note = "\url{http://z.cs.utexas.edu/users/osa/metatm}"
}

@misc{rstm,
  title = "Rochester Software Transactional Memory System",
  note = "\url{http://www.cs.rochester.edu/research/synchronization/rstm}"
}

@misc{fu,
  title = "{Windows} {Fu} {Rootkit}",
  note = "\url{http://vil.nai.com/vil/content/v_127131.htm}"
}

@misc{voslab,
  author = "Rutgers Laboratory for Computer Science Research",
  title = "Virtual Operating System Lab ({VOSLAB})",
  note = "\url{http://www.cs.rutgers.edu/resources/systems/voslab}"
}

@misc{sendmail,
  title = "Sendmail", 
  note = "\url{http://www.sendmail.org}"
}

@misc{postfix,
  title = "The {Postfix} Home Page",
  note = "\url{http://www.postfix.org}"
}

@misc{cve,
  title = "Mitre {CVE}---Common Vulnerabilities and Exposures",
  note = "\url{http://cve.mitre.org}"
}

@misc{cert,
  title = "{CERT} Advisories",
  note = "\url{http://www.cert.org/advisories}"
}

@inproceedings{bgi08,
  author = "A. Baliga and V. Ganapathy and L. Iftode",
  title = "Automatic Inference and Enforcement of Kernel Data Structure
  Invariants",
  booktitle = "ACSAC",
  month = "December",
  year = 2008
}

@inproceedings{cg06,
  author = "T. M. Chilimbi and V. Ganapathy",
  title = "{HeapMD}: {Identifying} Heap-based Bugs using Anomaly Detection",
  booktitle = "ACM Conf. Architectural Support for Programming Languages and Operating Systems",
  month = "October",
  year = 2006
}

@inproceedings{grb+08,
  author = "V. Ganapathy and M. J. Renzelmann and A. Balakrishnan and M. M. Swift and S. Jha",
  title = "The Design and Implementation of {Microdrivers}",
  booktitle = "ACM Conf. Architectural Support for Programming Languages and Operating Systems",
  month = "March",
  year = 2008
}
 
@book{lr06,
  author = "J. R. Larus and R. Rajwar",
  title = "Transactional Memory", 
  series = "Synthesis Lectures on Comp. Arch.",
  publisher = "Morgan Claypool",
  year = 2006
}

@inproceedings{hlm06,
  author = "M. Herlihy and V. Luchangco and M. Moir",
  title = "A flexible framework for implementing software transactional memory",
  booktitle = "ACM Conf. Object Oriented Programming Systems, Languages, and Applications",
  year = 2006
}

@inproceedings{hm93,  
  author = "M. Herlihy and J. E. B. Moss",
  title = "Transactional Support for Lock Free Data Structures",
  booktitle = "Intl. Symp. Comp. Arch.",
  year = 1993
}

@inproceedings{bde+08,
  author = "A. Birgisson and M. Dhawan and \'{U}. Erlingsson and V. Ganapathy and L. Iftode  ",
  title = "Enforcing Authorization Policies using Transactional Memory
  Introspection",
  booktitle = "ACM Conf. Computer and Communications Security",
  year = 2008
}

@inproceedings{gkjj07,
  author = "V. Ganapathy and D. King and T. Jaeger and S. Jha",
  title = "Mining Security-sensitive Operations in Legacy Code using Concept
  Analysis",
  booktitle = "Intl. Conf. Soft. Engg.",
  year = 2007
}

@inproceedings{gjj06,
  author = "V. Ganapathy and T. Jaeger and S. Jha",
  title = "Retrofitting Legacy Code for Authorization Policy Enforcement",
  booktitle = "IEEE Oakland",
  year = 2006
}

@inproceedings{gjj05,
  author = "V. Ganapathy and T. Jaeger and S. Jha",
  title = "Automatic Placement of Authorization Hooks in the {Linux} Security
  Modules Framework",
  booktitle = "ACM Conf. Computer and Communications Security",
  year = 2005
}

@inproceedings{zra+08,
  author = "Q. Zhao and R. Rabbah and S. Amarasinghe and L. Rudolph and W. Wong",
  title = "How to do a million watchpoints: {Efficient} Debugging using Dynamic
  Instrumentation",
  booktitle = "CC",
  year = 2008
}

@techreport{a72,
  author = "J. P. Anderson",
  title = "Computer Security Technology Planning Study, Volume {II}",
  institution = "Deputy for Command and Management Systems, HQ Electronics
  Systems Division (AFSC)",
  number = "ESD-TR-73-51",
  address = "L. G. Hanscom Field, Bedford, MA",
  month = "October",
  year = 1972
}

@inproceedings{pw09,
  author = "D. E. Porter and E. Witchel",
  title = "Operating Systems should provide Transactions",
  booktitle = "HotOS",
  year = 2009
}

@inproceedings{cw87,
  author = "D. D. Clark and D. R. Wilson",
  title = "A Comparison of Commercial and Military Computer Security Policies",
  booktitle = "IEEE Oakland",
  year = 1987,
}

@inproceedings{ses+96,
  author = "M. I. Seltzer and Y. Endo and C. Small and K. A. Smith",
  title = "Dealing with Disaster: {Surviving} Misbehaved Kernel Extensions",
  booktitle = "OSDI",
  month = "October",
  year = 1996
}

@misc{ssg,
  title = "{Sun} {Labs} {Scalable} {Synchronization} {Research} {Group}",
  note = "\url{http://research.sun.com/scalable}"
}

@article{cv65,
  author = "F. J. Corbat\'{o} and V. A. Vyssotsky",
  title = "Introduction and Overview of the {Multics} System",
  journal = "Proceedings of the AFIPS Fall Joint Computer Conference",
  publisher = "Spartan Books, Washington, DC",
  volume = "27",
  pages = "185--196",
  year = 1965
}

@article{vek+07,
  author = "S. Vandebogart and P. Efstathopoulos and E. Kohler and M. N. Krohn and C. Frey and D. Ziegler and M. F. Kaashoek and R. Morris and David Mazi{\`e}res",
  title = "Labels and Event Processes in the {Asbestos} Operating System",
  journal = "ACM Transactions on Computer Systems",
  volume = 25,
  number = 4,
  month = "November",
  year = 2007,
  pages = "11:1--11:41"
}

@inproceedings{zbkm06,
  author = "N. Zeldovich and S. Boyd-Wickizer and E. Kohler and D. Mazi{\`e}res",
  title = "Making Information Flow Explicit in {HiStar}",
  booktitle = "OSDI",
  month = "December",
  year = 2006
}

@inproceedings{sgi09,
  author = "S. Smaldone and V. Ganapathy and L. Iftode",
  title = "Working Set-Based Access Control for Network File Systems",
  booktitle = "SACMAT",
  year = 2009
}

@inproceedings{ug09,
  author = "B. E. Ur and V. Ganapathy",
  title = "Evaluating Attack Amplification in Online Social Networks",
  booktitle = "2009 Web-2.0 Security and Privacy Workshop",
  month = "May",
  year = 2009
}

@inproceedings{llm+09,
  author = "Y. Lev and V. Luchangco and V. Marathe and M. Moir and D. Nussbaum and M. Olszewski",
  title = "Anatomy of a Scalable Software Transactional Memory",
  booktitle = "4th ACM Workshop on Transactional Programming",
  month = "February",
  year = 2009
}

@techreport{dss+09,
  author = "C. Dougherty and K. Sayre and R. C. Seacord and D. Svoboda and K. Togashi",
  title = "Secure Design Patterns",
  month = "March",
  year = 2009,
  school = "Carnegie Mellon University Software Engineering Institute",
  number = "SEI-2009-TR-010/ESC-TR-2009-010"
}

@inproceedings{cj04,
  author = "M. Christodorescu and S. Jha",
  title = "Testing Malware Detectors",
  booktitle = "ISSTA",
  year = 2004
}

@article{cra-trends,
  title = "Computing Degree and Enrollment Trends: {From} the 2007-2008 {CRA}
  {Taulbee} Survey",
  author = "S. Zweben",
  journal = "Computing Research News", 
  volume = 21,
  number = 3,
  month = "May", 
  year = 2009
}

@book{gr-book,
  author = "J. Gray and A. Reuter",
  title = "Transaction Processing: {Concepts} and Techniques",
  publisher = "Morgan Kaufmann",
  year = "1993"
}

@inproceedings{g07,
  author = "D. Grossman",
  title = "The Transactional Memory/Garbage Collection Analogy",
  booktitle = "ACM Conf. Object Oriented Programming Systems, Languages, and Applications",
  year = 2007
}

@article{cbm+08,
  author = "C. Cascaval and C. Blundell and M. Michael and H. W. Cain and P. Wu and Stefanie Chiras and S. Chatterjee",
  title = "Software Transactional Memory: {Why} is it Only a Research Toy?",
  journal = "Comm. ACM",
  year = 2008
}

@inproceedings{dfl+06,
  title = "Hybird Transactional Memory",
  author = "P. Damron and A. Fedorova and Y. lev and V. Luchango and M. Moir
  and D. Nussbaum",
  booktitle = "ACM Conf. Architectural Support for Programming Languages and Operating Systems",
  month = "October",
  year = 2006
}

@article{wn08,
 author = "W. Weimer and G. C. Necula",
 title = "Exceptional Situations and Program Reliability",
 journal = "ACM TOPL",
 month = "March",
 year = 2008
}

@inproceedings{ybm+07,
  author = "L. Yen and J. Bobba and M. R. Marty and K. E. Moore and H. Volos and M. D. Hill and M. M. Swift and D. A. Wood",
  title = "{LogTM-SE}: {Decoupling} Hardware Transactional Memory from Caches",
  booktitle = "IEEE Symp. High Perf. Comp. Arch.",
  month = "February",
  year = 2007
}

@inproceedings{be09,
  author = "A. Birgisson and \'{U}. Erlingsson",
  title = "An Implementation and Semantics for Transactional Memory
  Introspection in {Haskell}",
  booktitle = "PLAS",
  year = 2009
}

@inproceedings{cmd08,
  author = "A. Cohen and R. van der Meyden and L. D. Zuck",
  title = "Access Control and Information Flow in Transactional Memory",
  booktitle = "Formal Aspects in Security and Trust",
  month = "October",
  year = 2008
}

@inproceedings{ag09,
  author = "E. Aftandilian and S. Z. Guyer",
  title = "{GC} {Assertions}: {Using} the Garbage Collector to Check
  Heap Properties",
  booktitle = "ACM  Conf. on Prog. Lang. Design \& Impl.",
  month = "June",
  year = 2009
}

@inproceedings{ph07,
  author = "N. L. Petroni and M. W. Hicks",
  title = "Automated Detection of Persistent Kernel Control-Flow Attacks",
  booktitle = "ACM Conf. Computer and Communications Security",
  year = 2007
}

@inproceedings{pfma04,
  author = "N. L. Petroni and T. Fraser and J. Molina and W. A. Arbaugh",
  title = "Copilot: {A} Coprocessor-based Kernel Runtime Integrity Monitor",
  booktitle = "USENIX Security",
  year = 2006
}

@inproceedings{zdj+02,
  author = "X. Zhang and L. van Doorn and T. Jaeger and R. Perez and R. Sailer",
  title = "Secure Coprocessor-based Intrusion Detection",
  booktitle = "SIGOPS European Workshop",
  year = 2002
}

@inproceedings{gr03,
  author = "T. Garfinkel and M. Rosenblum",
  title = "A Virtual Machine Introspection Based Architecture for Intrusion
  Detection",
  booktitle = "NDSS",
  year = 2003
}

@inproceedings{kjs+06,
  author = "M. Kharbutli and X. Jiang and Y. Solihin and G. Venkataramani and M. Prvulovic",
  title = "Comprehensively and efficiently protecting the heap",
  booktitle = "ACM Conf. Architectural Support for Programming Languages and Operating Systems",
  year = 2006
}

@inproceedings{pfwa06,
  author = "N. L. Petroni and T. Fraser and A. Walters and W. A. Arbaugh",
  title = "An Architecture for Specification-Based Detection of Semantic
  Integrity Violations in Kernel Dynamic Data",
  booktitle = "USENIX Security",
  year = 2006
}

@inproceedings{wpgp08,
  author = "J. Wei and B. D. Payne and J. Giffin and C. Pu",
  title = "Soft-timer driven transient kernel control flow attacks and
  defense",
  booktitle = "ACSAC",
  year =2008
}

@inproceedings{wlag93,
  author = "R. Wahbe and S. Lucco and T. E. Anderson and S. L. Graham",
  title = "Efficient Software-Based Fault Isolation",
  booktitle = "ACM Symp. on Operating System Principles",
  year = 1993
}

@inproceedings{hl02,
  author = "S. Hangal and M. Lam",  
  title = "Tracking down software bugs using automatic anomaly detection",
  booktitle = "Intl. Conf. Soft. Engg.",
  year = 2002
}

@inproceedings{zll+04,
  author = "P. Zhou and W. Liu and L. Feit and S. Lu and F. Qin and Y. Zhou and S. Midkifft and J. Torrellas",
  title = "{AccMon}: {Automatically} Detecting Memory-Related Bugs via Program
    Counter-based Invariants",
  booktitle = "IEEE/ACM MICRO",
  year = 2004
}

@article{epg+07,
  author = "M. D. Ernst and J. H. Perkins and P. J. Guo and S. McCamant and C. Pacheco and M. S. Tschantz and C. Xiao",
  title = "The {Daikon} System for dynamic detection of likely invariants",
  journal = "Sci. Comp. Prog.",
   month = "December",
  year = 2007  
}

@inproceedings{hm76,
  author = "M. Hammer and D. McLeod",
  title = "A Framework for Data Base Semantic Integrity",
  booktitle = "Intl. Conf. Soft. Engg.",
  year = 1976
}

@inproceedings{s75,
  author = "M. Stonebraker",
  title = "Implementation of integrity constraints and views by query
  modification",
  booktitle = "ACM SIGMOD",
  year = 1975
}

@inproceedings{zql+04,
  author = "P. Zhou and F. Qin and W. Liu and Y. Zhou and J. Torrellas",
  title = "{iWatcher}: {Efficient} Architectural Support for Software
  Debugging",
  booktitle = "Intl. Symp. Comp. Arch.",
  month = "June",
  year = 2004
}

@inproceedings{hp06,
  author = "T. Harris and S. Peyton-Jones",
  title = "Transactional Memory with Data Invariants",
  booktitle = "TRANSACT",
  month = "June",
  year = 2006
}

@article{srw02,
  author = "M. Sagiv and T. Reps and R. Wilhelm",
  title = "Parametric Shape Analysis via 3-Valued Logic",
  journal = "ACM TPLS",
  month = "May",
  year = 2002,
  volume = 24,
  number = 3,
}

@inproceedings{fll+02,
  author = "C. Flanagan and K. R. M. Leino and M. Lillibridge and G. Nelson and J. B. Saxe and R. Stata",
  title = "Extended Static Checking for {Java}",
  booktitle =  "ACM  Conf. on Prog. Lang. Design \& Impl.",
  month = "June",
  year = 2002 
}

@inproceedings{gch78,
  author = "D. Good and R. Cohen and L. Hunter",
  title = "A report on the development of Gypsy",
  booktitle =  "1978 ACM Annual Conference/Annual Meeting",
  year =1978
}

@inproceedings{l93,
  author = "B. Liskov",
  title = "A History of {CLU}",
  booktitle =  "2nd ACM  Conference on the History of Programming
  Languages",
  month = "April",
  year = 1993
}

@inproceedings{wls76,
  author = "W. Wulf and R. London and M. Shaw",
  title = "An introduction to the construction and verification of {Alphard}
  programs",
  booktitle =  "Intl. Conf. Soft. Engg.",
  month = "October",
  year = 1976 
}

@misc{eiffel,
  title = "Eiffel Analysis, Design and Implementation Language",
  month = "November",
  year = 2006,
  note = "ECMA standard 367"
}

@inproceedings{dr03,
  author = "B. Demsky and M. Rinard",
  title = "Automatic Detection and Repair of Errors in Data Structures",
  booktitle = "ACM Conf. Object Oriented Programming Systems, Languages, and Applications",
  month = "October",
  year = 2003
}

@inproceedings{dr05,
  author = "B. Demsky and M. Rinard",
  title = "Data Structure Repair using Goal-Directed Reasoning",
  booktitle = "Intl. Conf. Soft. Engg.",
  month = "May",
  year = 2005
}

@inproceedings{bki07,
  author = "A. Baliga and P. Kamat and L. Iftode",
  title = "Lurking in the Shadows: {Identifying} Systemic Threats to Kernel Data",
  booktitle = "IEEE Oakland",
  month = "May",
  year = 2007
}

@inproceedings{zej02,
  author = "X. Zhang and A. Edwards and T. Jaeger",
  title = "Using {CQUAL} for Static Analysis of Authorization Hook Placement",
  booktitle = "USENIX Security",
  month = "August",
  year = 2002
}

@article{jez04,
  author = "T. Jaeger and A. Edwards and X. Zhang",
  title = "Consistency Analysis of Authorization Hook Placement in the {Linux}
  Security Modules Framework",
  journal = "ACM Transactions on Information and System Security",
  volume = "7",
  number = "2",
  pages = "175--205",
  month = "May",
  year = 2004
}


@inproceedings{c95,
  author = "F. Cristian",
  title = "Exception Handling and Tolerance of Software Faults",
  booktitle = "Software Fault Tolerance",
  publisher = "Wiley",
  year = 1995
}

@inproceedings{es99,
  author = "{\'U}. Erlingsson and F.B. Schneider",
  title = "{SASI} enforcement of security policies: A retrospective",
  booktitle = "New Security Paradigms Workshop",
  year = 1999
}

@inproceedings{af03,
  author = "M. Abadi and C. Fournet",
  title = "Access control based on execution history",
  booktitle = "NDSS",
  month = "February",
  year = "2003"
}

@article{sbb05,
  author = "M. M. Swift and B. N. Bershad and H. M. Levy",
  title = "Improving the Reliability of Commodity Operating Systems",
  journal = "TOCS",
  year = 2005
}

@inproceedings{uav+06,
  author = "\'{U}. Erlingsson and M. Abadi and M. Vrable and M. Budiu and G. C. Necula",
  title = "{XFI}: Software Guards for System Address Spaces",
  booktitle = "OSDI",
  month = "December",
  year = 2006
}

@TechReport{erw05,
  author = "{\'{U}}. Erlingsson and T. Roeder and T. Wobber",
  title = "Virtual Environments for Unreliable Extensions",
  number = "MSR-TR-05-82",
  institution = "Microsoft Research",
  month = jun,
  year = "2005"
}

@phdthesis{c07,
  author = "M. Christodorescu",
  title = "Behavior-based Malware Detection",
  school = "University of Wisconsin-Madison",
  month = "August",
  year = 2007
}

@inproceedings{mbm+06a,
  author =    "K. E. Moore and J. Bobba and M. J. Moravan and M. D. Hill and D. A. Wood",
  title =     "{LogTM}: {Log}-Based Transactional Memory",
  booktitle = "IEEE Symp. High Perf. Comp. Arch.",
  month = "February",
  year = 2006
}

@inproceedings{mbm+06b,
  Author = "M. J. Moravan and J. Bobba and K. E. Moore and L. Yen and M. D. Hill and B. Liblit and M. M. Swift and D. A. Wood",
  title = "Supporting Nested Transactional Memory in {LogTM}",
  booktitle = "ACM Conf. Architectural Support for Programming Languages and Operating Systems",
  month = "October",
  year = 2006
}

@inproceedings{vjg+09,
  author = "H. Volos and A. J. Tack and N. Goyal and M. M. Swift and A. Welc",
  title = "{xCalls}: {Safe} {I/O} in Memory Transactions",
  booktitle = "EuroSys",
  month = "April",
  year = 2009
}

@inproceedings{hms06,
  author = "M. Hocking and K. Macmillan and D. Shankar",
  title = "Case study: {Enhancing} {IBM} {Websphere} with {SELinux}",
  booktitle = "2nd Annual SELinux Symposium",
  month = "March",
  year = 2006
}

@inproceedings{wal07,
  title = "Integrating {X.Org} with Security-Enhanced {Linux}",
  author = "E. Walsh",
  booktitle = "3rd Annual SELinux Symposium",
  month = "March",
  year = 2007
}

@techreport{ksv03,
  author = "D. Kilpatrick and W. Salamon and C. Vance",
  title = "Securing the {X} {Window} System with {SELinux}",
  institution = "NAI Labs",
  number = "03-006",
  month = "March",
  year = "2003"
}

@inproceedings{f06,
  author = "B. Fletcher",
  title = "Case study: {Open} source and Commercial Applications in a
  {Java}-based {SELinux} Cross-Domain Solution", 
  booktitle = "2nd Annual SELinux Symposium",
  month = "March",
  year = 2006
}
  
@inproceedings{wcs+02,
  author = "C. Wright and C. Cowan and J. Morris and S. Smalley",
  title = "{Linux} Security Modules: {General} Security Support for the 
  {Linux} Kernel",
  booktitle = "USENIX Security",
  month = "August",
  year = 2002
}

@article{m90,
  author = "J. McLean",
  title = "The Specification and Modeling of Computer Security",
  journal = "IEEE Computer",
  volume = 23,
  number = 1,
  pages = "9--16",
  year = 1990
}

@inproceedings{rhp+07,
  author = "C. J. Rossbach and O. S. Hofmann and D. E. Porter and H. E. Ramadan and A. Bhandari and E. Witchel",
  title = "{TxLinux}: {Using} and Managing Transactional Memory in an Operating
  System",
  booktitle = "ACM Symp. on Operating System Principles",
  month = "October",
  year = 2007
}

@inproceedings{rrw06,
  author = "H. E. Ramadan and C. J. Rossbach and E. Witchel",
  title = "The {Linux} Kernel: {A} Challenging Workload for Transactional
  Memory",
  booktitle = "Workshop on Transactional Memory Workloads",
  month = "June",
  year = 2006
}

@article{bulk,
  author = "J. Torrellas and L. Ceze and J. Tuck and C. Cascaval and P. Montesinos and W. Ahn and M. Prvulovic",
  title = "The {Bulk} Multicore Architecture for Improved Programmability",
  journal = "Comm. ACM",
  month = "December",
  year = 2009,
}

@article{ss75,
  author = "J. H. Saltzer and M. D. Schroeder", 
  title = "The Protection of Information in Computer Systems",
  journal = "Proceedings of the IEEE",
  volume = 63,
  number = 9,
  pages = "1278--1308",
  month = "September",
  year = 1975
}

@inproceedings{cttc06,
  author = "L. Ceze and J. Tuck and C. Cascaval and J. Torrellas",
  title = "Bulk Disambiguation of Speculative Threads in Multiprocessors",
  booktitle = "Intl. Symp. Comp. Arch.",
  month = "June",
  year = 2006
}

@techreport{c87,
  author = "F. Christian",
  title = "Exception handling",
  number = "RJ5724",
  institution = "IBM Research",
  year = 1987
}

@inproceedings{bbfg04, 
  title="From stack inspection to access control: a security analysis for
  libraries", 
  author = "F. Besson and T. Blanc and C. Fournet and A. D. Gordon", 
  booktitle = "IEEE CSF",
  year=2004 
}

@inproceedings{ckf+04,
  author = "G. Candea and S. Kawamoto and Y. Fujiki and G. Friedman and A. Fox",
  title = {Microreboot: A technique for cheap recovery},
  booktitle = "OSDI",
  month = "December",
  year = {2004},
}

@article{ffh04,
  author = {C. Fetzer and P. Felber and K. Hogstedt},
  title = {Automatic Detection and Masking of Nonatomic Exception Handling},
  journal = {IEEE Transactions on Software Engineering},
  volume = {30},
  number = {8},
  year = {2004},
  pages = {547-560},
}

@inproceedings{lak09,
  author = "A. Lenharth and V. Adve and S. T. King",
  title = "Recovery Domains: {An} Organizing Principle for Recoverable
  Operating Systems",
  booktitle = "ACM Conf. Architectural Support for Programming Languages and Operating Systems",
  month = "March",
  year = 2009
}

@inproceedings{g81,
  author = "J. Gray",
  title = "The Transaction Concept: {Virtues} and Limitations",
  booktitle = "VLDB",
  month = "September",
  year = 1981
}

@inproceedings{mtc+07,
  author = "C. C. Minh and M. Trautmann and J. Chung and A. McDonald and N. Bronson and J. Casper and C. Kozyrakis and K. Olukotun",
  title = "An Effective Hybrid Transactional Memory System With Strong
  Isolation Guarantees",
  booktitle = "Intl. Symp. Comp. Arch.",
  month = "June",
  year = 2007
}

@inproceedings{hwc+04,
  author = "L. Hammond and V. Wong and M. Chen and B. D. Carlstrom and J. D. Davis and B. Hertzberg and M. K. Prabhu and H. Wijaya and C. Kozyrakis and K. Olukotun",
  title = "Transactional Memory Coherence and Consistency",
  booktitle = "Intl. Symp. Comp. Arch.",
  month = "June",
  year = 2004
}

@inproceedings{dss06,
  author = "D. Dice and O. Shalev and N. Shavit",
  title = "Transactional Locking {II}",
  booktitle = "DISC",
  month = "September",
  year = 2006
}

@inproceedings{saq06,
  author = "B. Saha and A.-R. Adl-Tabatabai and Q. Jacobson",
  title = "Architectural Support for Software Transactional Memory",
  booktitle = "IEEE MICRO",
  month = "December",
  year = 2006
}

@misc{tmonline,
  key = "tmonline",
  title = "Transactional Memory Online",
  author = "J. Bobba and R. Rajwar and M. D. Hill",
  note = "\url{http://www.cs.wisc.edu/trans-memory}"
}

@misc{gdb-user,
  title = "Debugging with {GDB}: The {GDB} user manual",
  author = "R. Stallman and R. Pesch and S. Shebs \etal",
  note = "Ninth edition for {GDB} version 6.8.50.20090708",
  year = 2009,
  howpublished = "\url{http://www.gnu.org/software/gdb/documentation}"
}

@misc{gdb-internals,
  author = "J. Gilmore and S. Shebs",
  title = "{GDB} Internals: {A} guide to the internals of {GDB}",
  note = "Second edition",
  year = 2009,
  howpublished = "\url{http://www.gnu.org/software/gdb/documentation}"
}

@inproceedings{asxk08,
  author = "A. Cozzie and F. Stratton and H. Xue and and S. T. King",
  title = "Digging for Data Structures",
  booktitle = "OSDI",
  month = "December",
  year = 2008
}

@article{ct95,
  author = "M. Copperman and J. Thomas",
  title = "Poor man's watchpoints",
  journal = "ACM  Notices",
  volume = 30,
  pages = "37--44",
  year = 1995
}

@inproceedings{w92,
  author = "R. Wahbe",
  title = "Efficient Data Breakpoints",
  booktitle = "ACM Conf. Architectural Support for Programming Languages and Operating Systems",
  month = "October",
  year = 1992,
}

@inproceedings{w93,
  author = "R. Wahbe and S. Lucco and S. L. Graham",
  title = "Practical Data Breakpoints: Design and Implementation",
  booktitle = "ACM  Conf. on Prog. Lang. Design \& Impl.",
  month = "June",
  year = 1993
}

@misc{r96,
  author = "P. E. Roberts",
  title = "Implementation and Evaluation of Data Breakpoint Schemes in an
  Interactive Debugger",
  note = "Master's Thesis, Department of Computer Science, University of Utah",
  month = "June/December",
  year = 1996,
  howpublished =
  "\url{http://www.cs.utah.edu/flux/papers/perobert_abstract.html}"
}

@inproceedings{qlz05,
  author = "F. Qin and S. Lu and Y. Zhou",
  title = "{SafeMem}: {Exploiting} {ECC}-Memory for Detecting Memory Leaks and
  Memory Corruption during Production Runs",
  booktitle = "IEEE Symp. High Perf. Comp. Arch.",
  month = "February",
  year = 2005
}

@inproceedings{vrps07,
  author = "G. Venkataramani and B. Roemer and Y. Solihin and M. Prvulovic",
  title = "{MemTracker}: {Efficient} and Programmable Support for Memory Access
  Monitoring and Debugging",
  booktitle = "IEEE Symp. High Perf. Comp. Arch.",
  month = "February",
  year = 2007
}

@inproceedings{clr05,
  author = "M. L. Corliss and E. C. Lewis and A. Roth",
  title = "Low-Overhead Interactive Debugging via Dynamic Instrumentation with
  {DISE}",
  booktitle = "IEEE Symp. High Perf. Comp. Arch.",
  month = "February",
  year = 2005
}

@inproceedings{lm06,
  author = "Y. Lev and M. Moir",
  title = "Debugging with Transactional Memory",
  booktitle = "1st ACM  Workshop on Languages, Compilers, and Hardware
  Support for Transactional Computing",
  month = "June",
  year = 2006
}

@article{bd96,
  author = "M. Bishop and M. Digler",
  title = "Checking for Race Conditions in File Accesses", 
  journal = "Computer Systems",
  volume = 9,
  number = 2,
  pages = "131--152",
  month = "Spring",
  year = 1996
}

@inproceedings{cbb+08,
  author = "J. Chung and W. Baek and N. G. Bronson and J. Seo and C. Kozyrakis and K. Olukotun",
  title = "{ASeD}: {Availability}, Security, and Debugging using Transactional
  Memory (Poster)",
  booktitle = "SPAA",
  month = "June",
  year = 2008
}

@inproceedings{cdkk08,
  author = "J. Chung and M. Dalton and H. Kannan and C. Kozyrakis",
  title = "Thread-Safe Dynamic Binary Translation using Transactional Memory",
  booktitle = "IEEE Symp. High Perf. Comp. Arch.",
  month = "February",
  year = 2008
}

@inproceedings{bxy09,
  author = "J. Bobba and W. Xiong and L. Yen and M. D. Hill and D. A. Wood",
  title = "{StealthTest}: {Low} Overhead Online Software Testing using
  Transactional Memory",
  booktitle = "Intl. Symp. Parallel Architectures and Compilation Techniques",
  month = "September",
  year = 2009
}

@inproceedings{hhm07,
  author = "M. D. Hill and D. Hower and K. E. Moore and M. M. Swift and H. Volos and D. A. Wood",
  title = "A Case for Deconstructing Hardware Transactional Memory Systems", 
  booktitle = "UW-Madison Computer Sciences Technical Report CS-TR-2007-1594",
  year = "2007"
}

@inproceedings{ns07,
  author = "N. Nethercote and J. Seward",
  title = "{Valgrind}: {A} framework for heavyweight dynamic binary
  instrumentation",
  booktitle = "ACM  Conf. on Prog. Lang. Design \& Impl.",
  month = "June",
  year = 2007
}

@inproceedings{sksp04,
  author = "R. Shetty and M. Kharbutli and Y. Solihin and M. Prvulovic",
  title = "{HeapMon}: {A} Low Overhead, Automatic and Programmable Memory Bug
  Detector",
  booktitle = "1st IBM PAC2 Conference",
  year = 2004
}

@inproceedings{ns05,
  author = "J. Newsome and D. Song",
  title = "Dynamic taint analysis for automatic detection, analysis, and
  signature generation of exploits on commodity software",
  booktitle = "NDSS",
  month = "February",
  year = 2005
}

@inproceedings{slzd04,
  author = "G. E. Suh and J. Lee and S. Devadas",
  title = "Secure Program Execution via Dynamic Information Flow Tracking",
  booktitle = "ACM Conf. Architectural Support for Programming Languages and Operating Systems",
  month = "October",
  year = 2004
}

@inproceedings{ccc05,
  author = "M. Costa and J. Crowcroft and M. Castro and A. Rowstron and L. Zhou and L. Zhang and P. Barham",
  title = "Vigilante: {End-to-end} Containment of Internet Worms",
  booktitle = "ACM Symp. on Operating System Principles",
  month = "October",
  year = 2005
}

@inproceedings{cc04,
  author = "J. R. Crandall and F. T. Chong",
  title = "Minos: {Control} data attack prevention orthogonal to memory model",
  booktitle = "MICRO",
  month = "December",
  year = 2004 
}

@inproceedings{yse+07,
  author = "H. Yin and D. Song and M. Egele and C. Kruegel and E. Kirda",
  title = "Panorama: {Capturing} System-wide Information Flow for Malware
  Detection and Analysis",
  booktitle = "ACM Conf. Computer and Communications Security",
  year = 2007
}

@inproceedings{mkk08,
  author = "A. Moser and C. Kruegel and E. Kirda",
  title = "Exploring Multiple Execution Paths for Malware Analysis",
  booktitle = "IEEE Oakland",
  month = "May",
  year = 2008
}

@inproceedings{cjs+05,
  author = "M. Christodorescu and S. Jha and S. A. Seshia and D. Song and R. E. Bryant",
  title = "Semantics-aware Malware Detection",
  booktitle = "2005 IEEE Symposium on Security and Privacy",
  month = "May",
  year = 2005
}

@inproceedings{cj03,
  author = "M. Christodorescu and S. Jha",
  title = "Static Analysis of Executables to Detect Malicious Patterns",
  booktitle = "12th USENIX Security Symposium",
  month = "August",
  year = 2003
}

@inproceedings{blm05,
  author = "C. Blundell and E. C. Lewis and M. M. K. Martin",
  title = "Deconstructing Transactional Semantics: {The} Subtleties of
  Atomicity",
  booktitle = "Workshop on Duplicating, Deconstructing and Debunking",
  month = "June",
  year = 2005
}

@inproceedings{szjd04,
  author = "R. Sailer and X. Zhang and T. Jaeger and L. van Doorn",
  title = "Design and Implementation of a {TCG}-based Integrity Measurement
  Architecture",
  booktitle = "13th USENIX Security Symposium",
  month = "August",
  year = 2004
}

@techreport{ot03,
  author = "Vince Orgovan and Mike Tricker",
  title = "An Introduction to Driver Quality",
  institution = "Microsoft Corporation",
  number = "WinHec 2003 Presentation DDT301",
  month = "August",
  year = "2003"
}

@inproceedings{gp05,
  author = "A. Ganapathi and D. Patterson",
  title = "Crash Data Collection: {A} {Windows} Case Study",
  booktitle = "International Conference on Dependable Systems and Networks",
  month = "June",
  year = 2005
}

@inproceedings{lsck07,
  author = "M. E. Locasto and A. Stavrou and G. F. Cretu and A. D. Keromytis",
  title = "From {STEM} to {SEAD}: {Speculative} Execution for Automated
  Defense",
  booktitle = "USENIX Annual Tech. Conf.",
  month = "June",
  year = 2007
}

@inproceedings{npcf08,
  author = "E. Nightingale and D. Peek and P. M. Chen and J. Flinn",
  title = "Parallelizing Security Checks on Commodity Hardware",
  booktitle = "13th International Conference on Architectural Support for
    Programming Languages and Operating Systems",
  month = "March",
  year = 2008
}

@inproceedings{shtz06,
  author = "N. Swamy and M. Hicks and S. Tse and S. Zdancewic",
  title = "Managing Policy Updates in Security-Typed Languages",
  booktitle = "Computer Security Foundations Workshop",
  month = "June",
  year = 2006
}

@article{sk06,
  author = "S. Sidiroglou and A. D. Keromytis",
  title = "Execution Transactions for Defending Against Software Failures:
  {Use} and Evaluation",
  journal = "Springer International Journal of Information Security",
  volume = 5,
  number = 2,
  pages = "77--91",
  month = "April",
  year = 2006
}

@inproceedings{resin,
  author = "A. Yip and X. Wang and N. Zeldovich and and M. F. Kaashoek",
  title = "Improving Application Security with Data Flow Assertions",
  booktitle = "ACM Symp. on Operating System Principles",
  month = "October",
  year = 2009
}

@misc{clamav,
  title = "Clam Antivirus",
  note = "\url{http://www.clamav.net}"
}

@misc{memcached,
  title = "Memcached: {A} distributed memory object caching system",
  note = "\url{http://memcached.org}"
}

@inproceedings{tlm+06,
  author = "A. Adi-Tabatabai and B. T. Lewis and V. Menon and B. R. Murphy and B. Saha",
  title = "Compiler and Runtime Support for Efficient Software Transactional
  Memory",
  booktitle = "ACM  Conf. on Prog. Lang. Design \& Impl.",  
  month = "June",
  year = 2006
}

@inproceedings{aopl,
  author = "G. Kiczales and J. Lamping and A. Mendhekar and C. Maeda and C. V. Lopes and J. Loingtier and J. Irwin",
  title = "Aspect-oriented programming",
  booktitle = "ECOOP",
  month = "June",
  year = 1997
}

@inproceedings{swat,
  author = "T. Chilimbi and M. Hauswirth",
  title = "Low-Overhead Memory Leak Detection Using Adaptive Statistical
  Profiling",
  booktitle = "ACM Conf. Architectural Support for Programming Languages and Operating Systems",
  month = "October",
  year = "2004"
}

@inproceedings{ar01,
  author = "M. Arnold and B. G. Ryder",
  title = "A Framework for Reducing the Cost of Instrumented Code",
  booktitle = "ACM  Conf. on Prog. Lang. Design \& Impl.",
  month = "June",
  year = "2001"
}

@inproceedings{purify,                                                                         
  author = "R. Hastings and B. Joyce",                                                                
  title = "{P}urify: {F}ast Detection of Memory Leaks and Access Errors",                              
  booktitle = "Winter USENIX Conference",                                                              
  year = "1992"                                                                                        
}

@inproceedings{minos,
	author = "J. R. Crandall and F. T. Chong",
	title = "Minos: Control Data Attack Prevention Orthogonal to Memory Model",
	booktitle = "Intl. Symp. Comp. Arch.",
	month = "June",
	year = 2004
}

@inproceedings{raksha,
	author = "M. Dalton and H. Kannan and C. Kozyrakis",
	title = "Raksha: A Flexible Information Flow Architecture for Software
	Security",
	booktitle = "Intl. Symp. Comp. Arch.",
	year = 2007
}

@inproceedings{hardbound,
	author = "J. Devietti and C. Blundell and M. M. K. Martin and S. Zdancewic",
	title = "Hardbound: {Architectural} Support for Spatial Safety of the {C}
	programming language",
	booktitle = "ACM Conf. Architectural Support for Programming Languages and Operating Systems",
	month = "March",
	year = 2008
}

@inproceedings{tokentm,
	author = "J. Bobba and N. Goyal and M. D. Hill and Michael M. Swift and D. A. Wood",
	title = "{TokenTM}: {Efficient} Execution of Large Transactions with Hardware
	Transactional Memory",
	booktitle = "Intl. Symp. Comp. Arch.",
	month = "June",
	year = 2008
}

@misc{clamav-vul,
	title = "{ClamAV} Multiple Vulnerabilities",
	note = "Secunia Advisories -- SA28117",
	month = "December",
	year = 2007
}

@InProceedings{ac75,
author    = {A. V. Aho and M. J. Corasick},
title     = {Efficient string matching: An aid to bibliographic search},
booktitle = {Comm. ACM},
year      = {1975},
}

@inproceedings{splash2,
	author = "S. C. Woo and M. Ohara and E. Torrie and J. P. Singh and A. Gupta",
	title = "The {SPLASH-2} Programs: {Characterization} and Methodological Considerations",
	booktitle = "Intl. Symp. on Comp. Arch.",
	month = "June",
	year = 1995
}

@misc{memcached-history,
	title = "Issues -- Memcached -- Project Hosting on {Google} Code",
  note = "\url{http://code.google.com/p/memcached/issues}"
}

@inproceedings{tinystm, 
	author = "P. Felber and C. Fetzer and T. Riegel", 
	title = "Dynamic Performance Tuning of Word-Based Software Transactional
	Memory",
	booktitle = "ACM Symp. Principles and Practice of Parallel Programming", 
	year = 2008
}

