@article{alexa,
	author= "Alexa.com",
	title= "MySpace History Graph",
  	note= "http://www.alexa.com/data/details/traffic\_details/myspace.com"
}

@article{danah,
	author= "d. boyd",
 	title= "Friends, Friendsters, and MySpace Top 8: Writing Community Into Being on Social Network Sites",
	journal= "First Monday 11(12)"
}

@article{flickr2,
	author= "B. Braiker",
	title= "Flickr Helps the Library of Congress",
	note= "http://www.newsweek.com/id/103198",
	year= "January 24, 2008"
}

@article{twohundredmillion,
	author= "P. Cashmore",
	title= "200 Million MySpace Accounts",
	journal= "Mashable",
	year= "September 9, 2007"
}

@article{layouts,
	author= "P. Cashmore",
	title= "MySpace Layouts Top 10",
	journal= "Mashable",
 	year= "July 28, 2006"
}

@article{html1,
	key= "CDI",
	title= "CDI's Comprehensive HTML Cross Reference",
	note= "http://www.willcam.com/cmat/html/crossref.html"
}

@article{yahooligan,
	author= "E. Chien",
	title= "Malicious Yahooligans",
	journal= "Virus Bulletin",
	year= "2006"
}

@conference{flickrfaq,
	key= "Flickr",
	title= "Flickr Frequently Asked Questions",
	note= "http://www.flickr.com/help/faq/"
}

@article{tila,
	author= "L. Grossman",
	title= "Tila Tequila",
	journal= "Time Magazine",
	year= "December 16, 2006"
}

@article{samy,
	author="D. Hanson",
	title= "Evolution of Web-based Worms",
	note= "http://www.securityfocus.com/columnists/364",
	year= "October 20, 2005"
}

@article{referer,
	author= "M. Healan",
	title= "Referer Spam",
	journal= "Spywareinfo.com",
	year= "2003"
}

@article{bgsound,
	key= "HTML Reference Guide",
	title= "HTML Reference Guide. bgsound",
	note= "http://www.html-reference.com/BGSOUND.htm"
}

@article{samyexplain,
	author= "S. Kamkar",
	title= "Technical Explanation of The MySpace Worm",
	year= "2005"
}

@article{puppetnets,
	author= "V. Lam and S. Antonatos and P. Akritidis and K. Anagnostakis",
	title= "PuppetNets: Misusing Web Browsers as a Distributed Attack Infrastructure",
	journal= "CCS 2006"
}

@article{dcplusplus,
	author= "R. Lemos",
	title= "Peer-to-Peer Networks Co-opted for DOS Attacks",
	journal= "SecurityFocus.com",
	year= "2007"
}

@article{bb,
	author= "E. Levy and I. Arce",
	title= "New Threats and Attacks on the World Wide Web",
	journal= "IEEE Security \& Privacy",
	year= "2006"
}

@article{reflectors,
	author= "V. Paxson",
	title= "An Analysis of Using Reflectors for Distributed Denial-of-Service Attacks",
	journal= "Computer Communications Review",
	year= "2001"
}

@article{flickr4,
	author= "M. Raymond",
	title= "Flickr Followup",
	note= "http://www.loc.gov/blog/?p=237",
	journal= "Library of Congress Blog",
	year= "January, 2008"
}

@article{kk,
	author= "P. Ritchie",
	title= "The Security Risks of AJAX/Web 2.0 Applications",
	journal= "Network Security",
	year= "2007"
}

@article{dossurvey,
	author= "T. Peng and C. Leckie and K. Ramamohanarao",
	title= "Survey of network-based defense mechanisms countering the DoS and DDos problems",
	journal= "ACM Comput. Surv. 39, 1, Article 3",
	year= "April 2007"
}

@article{snipurl,
	key= "SnipURL",
	title= "SnipURL",
	note= "http://www.snipurl.com"
}

@article{restrictions,
	author= "B. Stone",
	title= "MySpace Restrictions Upset Some Users",
	journal= "New York Times",
	year= "March 20, 2007"
}

@article{flickr1,
	key= "Two billionth on Flickr",
	title = "Two billionth on Flickr",
	note= "http://www.flickr.com/photos/88646149@N00/2000000000/"
}

@article{flickr3,
	author= "R. van Zwol",
	title= "Flickr: Who is Looking?",
	note= "http://www.semedia.org/PubFolder/vanZwol-FlickrWhoLooking.pdf",
	journal= "Yahoo Research"
}

@article{html2,
	key= "W3Schools",
	title= "W3Schools.  HTML 4.01 / XHTML 1.0 Reference."
}

@article{ddosdefense,
	author= "M. Walfish and M. Vutukuru and H. Balakrishnan and D. Karger and S. Shenker",
	title= "DDoS Defense by Offense.",
	journal= "SIGCOMM",
	year= "2006"
}




