@inproceedings{gjj05,
	author = "V. Ganapathy and T. Jaeger and S. Jha",
	title = "Automatic Placement of Authorization Hooks in the {Linux} Security
	Modules Framework",
	booktitle = "12$^{th}$ ACM CCS",
	month = "Nov",
	year = 2005,
}
	
@techreport{gjj06,
	author = "V. Ganapathy and T. Jaeger and S. Jha",
	title = "Retrofitting Legacy Code for Authorization Policy Enforcement",
	institution = "Univ. of Wisconsin",
  number = "1544",
	month = "Nov",
	year = 2005,
}
@book{ge03,
	author = "L. Gong and G. Ellison",
	title = "Inside {Java}$^{TM}$ 2 Platform Security: {Architecture}, {API}
	Design, and Implementation",
	year = 2003,
	publisher = "Pearson Education"
}

@misc{idioms,
  key = "idioms",
  note = "\url{www.cs.wisc.edu/$\sim$vg/papers/ccs2005a/idioms.html}"
}

@article{jez04,
  author = "T. Jaeger and A. Edwards and X. Zhang",
  title = "Consistency Analysis of Authorization Hook Placement in the {Linux}
  Security Modules Framework",
  journal = "ACM TISSEC",
  month = May,
  year = 2004
}


@inproceedings{jsz03,
  author = "T. Jaeger and R. Sailer and X. Zhang",
  title = "Analyzing Integrity Protection in the \selinux\ Example Policy",
  booktitle = "12$^{th}$ USENIX Security",
  month = Aug,
  year = 2003
}
  
@misc{ksv03,
  author = "D. Kilpatrick and W. Salamon and C. Vance",
  title = "Securing the {X} {Window} System with {SELinux}",
  note = "NAI/TR03-006"
}

@misc{nmr+02,
	key = "cil",
	note = "\url{http://manju.cs.berkeley.edu/cil}"
}

@techreport{svs01,
  author = "S. Smalley and C. Vance and W. Salamon",
  title = "Implementing {SELinux} as a {Linux} Security Module",
  institution = "NAI Labs/TR01-043",
  month = Dec,
  year = 2001,
}

@misc{tresys,
	key = "tresys",
	title = "Tresys Technology, \selinux\ Policy Management Server",
  note = "\url{http://sepolicy-server.sourceforge.net}"
}

@misc{w04,
	author = "E. Walsh",
	title = "Integrating {XFree86} with security-enhanced {Linux}",
	note = "Manuscript",
	year = 2004
}

@inproceedings{wcs+02,
  author = "C. Wright \textit{et al}",
  title = "{Linux} Security Modules: {General} Security Support for the 
  {Linux} Kernel",
  booktitle = "11$^{th}$ USENIX Security",
  month = Aug,
  year = 2002
}

@inproceedings{zej02,
  author = "X. Zhang and A. Edwards and T. Jaeger",
  title = "Using {CQUAL} for Static Analysis of Authorization Hook Placement",
  booktitle = "11$^{th}$ USENIX Security",
  month = Aug,
  year = 2002
}


