@inproceedings{singh-lee-08
, title = "On the Design of a Web Browser:
Lessons learned from Operating Systems" 
, author = "Kapil Singh Wenke Lee" 
, booktitle = "W2SP 2008: Web 2.0 Security and Privacy. Held in conjunction with the 2008 IEEE Symposium on Security and Privacy" 
, year = 2008
}

@inproceedings{jackson-barth-08
, author = "Collin Jackson and Adam Barth"
, title = "Beware of Finer-Grained Origins"
, booktitle = "W2SP 2008: Web 2.0 Security and Privacy. Held in conjunction with the 2008 IEEE 
Symposium on Security and Privacy"
, year = 2008
}

@inproceedings{close-08
, title = "Web-key: Mashing with Permission"
, author = "Tyler Close"
, booktitle = "W2SP 2008: Web 2.0 Security and Privacy. Held in conjunction with the 2008 IEEE Symposium on Security and Privacy"
, year = 2008
}

@misc{windows-live
, key = "microsoft windows live"
, note = "Microsoft Windows Live Contacts. \url{htp://dev.live.com/mashups/trypresencecontrol/}"
}

@inproceedings{op-browser
, author = "Chris Grier and Shuo Tang and Samuel T. King"
, title = "Secure web browsing with the OP web browser"
, booktitle = " IEEE Symposium on Security and Privacy"
, month =" May"
, year =  2008
}

@inproceedings{subspace-07,
  author    = {Collin Jackson and
               Helen J. Wang},
  title     = {Subspace: secure cross-domain communication for web mashups},
  booktitle = {Proceedings of the 16th International Conference on World
               Wide Web},
  year      = {2007},
  pages     = {611-620}
}

@inproceedings{smash-08
, author = "Frederik De Keukelaere and Sumeer Bhola and Michael Steiner and Suresh Chari and Sachiko Yoshihama"
, title = "{SMash}: Secure Component Model for Cross-Domain
        Mashups on Unmodified Browsers"
, booktitle = {Proceedings of the 17th International Conference on World
               Wide Web}
, year = 2008
}

@inproceedings{omash-08
, author = "Steven Crites and Francis Hsu and Hao Chen"
, title = "OMash: Enabling Secure Web Mashups via Object Abstractions"
, booktitle = {15 ACM Conference on Computer and Communicatios Security}
, year = 2008
}

@article{ahmad-08
, volume = 6
, number = 1
, month = " January/February"
, pages = " 74-77"
, title = "The Confused Deputy and the Domain Hijacker"
, journal = "IEEE Security and Privacy"
, author = "Dave Ahmad"
, year = 2008
}

@misc{json-spec
, key = "JSON"
, note = "JSON-RPC 1.1 Specification. \url{http://json-rpc.org/wd/JSON-RPC-1-1-WD-20060807.html}"
}

@misc{ajax-tutorial
, key = "AJAX"
, note = "Asynchronous JavaScript and XML Tutorials. \url{http://developer.mozilla.org/en/docs/AJAX}"
}

@misc{crossframe
, key = "CorssFrame"
, note = "CrossFrame, JavaScript Yahoo API"
}

@misc{openmashup
, key = "OpenMashupOS"
, note = "OpenMashupOS,\url{http://OpenMashupOS.com/}"
}

@misc{dojo
, key = "dojo"
, note = "DOJO Library. Part 5. \url{http://dojotoolkit.org/book/dojo-book-0-4/}"
}

@misc{facebook-api
, key = "Facebook API"
, note = "Facebook API. \url{http://developers.facebook.com/}"
}

@misc{opensocial-api
, key = "OpenSocial"
, note = "OpenSocial API. \url{http://code.google.com/apis/opensocial/}"
}

@inproceedings{mashupos-07
, title = "Protection and Communication Abstractions for Web Browsers in MashupOS"
, author = "Helen J. Wang and Xiaofeng Fan and Jon Howell and Collin Jackson"
, booktitle  = "ACM Symposium on Operating Systems Principle (SOSP)"
, year = 2007
, publisher = "ACM Press"
, pages = "1-16"
}

@inproceedings{SOP,
 author = {Collin Jackson and Andrew Bortz and Dan Boneh and John C. Mitchell},
 title = {Protecting browser state from web privacy attacks},
 booktitle = {WWW '06: Proceedings of the 15th international conference on World Wide Web},
 year = {2006},
 isbn = {1-59593-323-9},
 pages = {737--744},
 location = {Edinburgh, Scotland},
 doi = {http://doi.acm.org/10.1145/1135777.1135884},
 publisher = {ACM},
 address = {New York, NY, USA},
 }

@inproceedings{postmessage
, title = "Securing Browser Frame Communication"
, author = "
Adam Barth and Collin Jackson and John C. Mitchell" 
, booktitle = "Proceedings  of the 17th USENIX Security Symposium"
, year = 2008
}

@misc{QEDwiki
, key = "qedwiki"
, note = "IBM QEDWiki. \url{http://services.alphaworks.ibm.com/qedwiki/}"
}
