@misc{apache,
  title = "Apache",
  note = "\url{http://www.apache.org/}"
}

@misc{iis,
  title = "Internet Information Services",
  note = "\url{http://www.microsoft.com/windowsserver2003/iis/}"  
}

@inproceedings{ar01,
  author = "M. Arnold and B. G. Ryder",
  title = "A Framework for Reducing the Cost of Instrumented Code",
  booktitle = "PLDI",
  month = "May",
  year = "2001"
}

@inproceedings{br04,
  author = "G. Balakrishnan and T. W. Reps",
  title = "Analyzing memory accesses in $x86$ binary executables",
  booktitle = "13$^{th}$ Intl. Conf. on Compiler Construction (CC)",
  series = "LNCS 2985",
  month = "April",
  year = "2004"
}

@book{cgp00,
  author = "E. M. Clarke and O. Grumberg and D. A. Peled",
  title = "Model Checking",
  publisher = "MIT Press",
  month = "January",
  year = "2000"
}

@inproceedings{ch04,
  author = "T. M. Chilimbi and M. Hauswirth",
  title = "Low-Overhead Memory Leak Detection Using Adaptive Statistical
  Profiling",
  booktitle = "11$^{th}$ Intl. Conf. on Arch. Support for Prog. 
  Lang. and Op. Sys. (ASPLOS)",
  month = "October",
  year = "2004"
}

@inproceedings{dr02,
  author = "B. Demsky and M. Rinard",
  title = "Role-Based Exploration of Object-Oriented Programs",
  booktitle = "24$^{th}$ Intl. Conf. on Soft. Engr. (ICSE)",
  month = "May",
  year = "2002"
}

@inproceedings{dr03,
  author = "B. Demsky and M. Rinard",
  title = "Automatic Detection and Repair of Errors in Data Structures",
  booktitle = "18$^{th}$ OOPSLA",
  month = "October",
  year = "2003"
}

@inproceedings{dz03,
  author = "C. Ding and Y. Zhong",
  title = "Predicting whole-program locality with reuse distance analysis",
  booktitle = "PLDI",
  month = "June",
  year = "2003"
}

@phdthesis{e00,
  author = "M. D. Ernst",
  title = "Dynamically Discovering Likely Program Invariants",
  school = "University of Washington",
  address = "Seattle, WA",
  month = "August",
  year = "2000"
}

@techreport{esv01,
  author = "A. Edwards and A. Srivastava and H. Vo",
  title = "{Vulcan}: {Binary} transformation in a distributed environment",
  institution = "Microsoft Research",
  number = "2001-50",
  month = "April",
  year = "2001",
}

@article{fv02,
  author = "K. Fisler and M. Y. Vardi",
  title = "Bisimulation Minimization and Symbolic Model Checking",
  journal = "Formal Methods in System Design",
  volume = "21",
  number = "1",
  month = "July",
  year = 2002
}

@inproceedings{fgh+04,
  author = "H. H. Feng and J. T. Giffin and Y. Huang and S. Jha and W. Lee and
  B. P. Miller",
  title = "Formalizing Sensitivity in Static Analysis for Intrusion Detection",
  booktitle = "IEEE Symp. on Security and Privacy",
  month = "May",
  year = "2004"
}

@inproceedings{fkf+03,
  author = "H. H. Feng and O. M. Kolesnikov and P. Fogla and W. Lee and W.
  Gong",
  title = "Anomaly Detection Using Call Stack Information",
  booktitle = "IEEE Symp. on Security and Privacy",
  month = "May",
  year = "2003"
}

@inproceedings{hr05,
  author = "B. Hackett and R. Rugina",
  title = "Region-based Shape Analysis with Tracked Locations",
  booktitle = "32$^{nd}$ Symp. on Princ. of Prog. Lang. (POPL)",
  month = "January",
  year = "2005",
  note = "To Appear"
}

@inproceedings{hjm04,
  author = "T. A. Henzinger and R. Jhala and R. Majumdar",
  title = "Race Checking by Context Inference",
  booktitle = "PLDI",
  month = "June",
  year = "2004"
}

@inproceedings{hc01,
  author = "M. Hirzel and T. M. Chilimbi",
  title = "Bursty Tracing: A Framework for Low-Overhead Temporal Profiling",
  booktitle = "4$^{th}$ Workshop on Feedback-Directed and Dynamic
  Optimization (FDDO)",
  month = "December",
  year = "2001"
}

@inproceedings{hhd+02,
  author = "M. Hirzel and J. Henkel and A. Diwan and M. Hind",
  title = "Understanding the connectivity of heap objects",
  booktitle = "Intl. Symp. on Memory Management (ISMM)",
  month = "June",
  year = "2002"
}

@inproceedings{hl02,
  author = "S. Hangal and M. S. Lam",
  title = "Tracking Down Software Bugs Using Automatic Anomaly Detection",
  booktitle = "22$^{nd}$ Intl. Conf. on Soft. Engr. (ICSE)",
  month = "May",
  year = "2002"
}

@inproceedings{ksbg02,
  author = "R. Kaushik and P. Shenoy and P. Bohannon and E. Gudes",
  title = "Exploiting Local Similarity to Efficiently Index Paths in
  Graph-Structured Data",
  booktitle = "18$^{th}$ Intl. Conf. on Data Engr. (ICDE)",
  month = "February",
  year = "2002"
}

@inproceedings{kaye04,
  author = "T. Kremenek and K. Ashcraft and J. Yang and D. Engler",
  title = "Correlation Exploitation in Error Ranking",
  booktitle = "SIGSOFT FSE",
  month = "November",
  year = "2004"
}

@inproceedings{ke03,
  author = "T. Kremenek and D. Engler",
  title = "{Z-Ranking}: {U}sing Statistical Analysis to Counter the Impact of 
  Static Analysis Approximations.",
  booktitle = "10$^{th}$ Intl. Static Analysis Symp. (SAS)",
  month = "June",
  year = "2003"
}

@inproceedings{lazj03,
  author = "B. Liblit and A. Aiken and A. X. Zheng and M. I. Jordan",
  title = "Bug Isolation via Remote Program Sampling",
  booktitle = "PLDI",
  month = "June",
  year = "2003"
}

@inproceedings{m71,
  author = "R. Milner",
  title = "An algebraic definition of simulation between programs",
  booktitle = "Proc 2$^{nd}$ Intl. Joint Conf. on Artif. Intelligence (IJCAI)",
  year = "1971"
}

@inproceedings{nmw02,
  author = "G. C. Necula and S. McPeak and W. Weimer",
  title = "{CCured}: {T}ype-safe retrofitting of legacy code",
  booktitle = "29$^{th}$ POPL",
  month = "January",
  year = "2002"
}

@inproceedings{p81,
  author = "D. Park",
  title = "Concurrency and automata on infinite objects",
  booktitle = "5$^{th}$ GI-Conf. on Theor. Comp. Sci.",
  series = "LNCS 104",
  publisher = "Springer",
  year = 1981
}
  
@article{bps00, 
	author = "W. Bush and J. D. Pincus and D. J. Sielaff",
	title = "A Static Analyzer for finding Dynamic Programming Errors",
	booktitle = "Software---Practice and Experience",
	volume = 30,
	number = 7,
	year = 2000
}

@inproceedings{ql06,
	author = "S. Qadeer and S. Lahiri",
	title = "Verifying properties of well-founed linked lists",
	booktitle = "2006 POPL",
	month = Jan,
	year = 2006
}

@inproceedings{rcd+04,
  author = "M. Rinard and C. Cadar and D. Dumitran and D. Roy and T. Leu and W.
  Beebee",
	title = "Enhancing Server Availability and Security Through Failure-Oblivious
	Computing",
  booktitle = "6$^{th}$ OSDI",
  month = "December",
  year = "2004"
}
  
@inproceedings{rbc02,
  author = "S. Rubin and R. Bodik and T. M. Chilimbi",
  title = "An efficient profile-analysis framework for data-layout
  optimizations",
  booktitle = "29$^{th}$ POPL",
  month = "January",
  year = "2002",
}
  
@article{srw02,
  author = "M. Sagiv and T. W. Reps and R. Wilhelm",
  title = "Parametric shape analysis via 3-valued logic",
  journal = "ACM Trans. Prog. Lang. Syst. (TOPLAS)",
  volume = "24",
  number = "3",
  month = "May",
  year = "2002"
}  

@inproceedings{zll+04,
  author = "P. Zhou and W. Liu and F. Long and S. Lu and F. Qin and Y. Zhou and
  S. Midkiff and J. Torrellas",
  title = "{AccMon}: {A}utomatically Detecting Memory-Related Bugs via Program 
  Counter-based Invariants",
  booktitle = "37$^{th}$ MICRO",
  month = "December",
  year = "2004"
}

@article{ns03,                                                                        
  author = "N. Nethercote and J. Seward",                                                  
  title = "{Valgrind}: {A} Program Supervision Framework", 
  journal = "Elec. Notes in Theor. Comp. Sci. (ENTCS)",
  volume = "89",                                                                                     
  number = "2",                                                                                       
  publisher = "Elsevier",                                                                            
  year = "2003"                                                                                      
}                                                                                                      
                                                                                                       
@inproceedings{hj92,                                                                         
  author = "R. Hastings and B. Joyce",                                                                
  title = "{P}urify: {F}ast Detection of Memory Leaks and Access Errors",                                  
  booktitle = "Winter USENIX Conference",                                                              
  month = "January",
  year = "1992"                                                                                        
} 

@inproceedings{prw03,
  author = "D. W. Price and A. Rudys and D. S. Wallach",
  title = "Garbage Collector Memory Accounting in Language-Based Systems",
  booktitle = "IEEE Symp. on Security and Privacy",
  year = "2003"
}

@inproceedings{sph+02,
  author = "T. Sherwood and E. Perelman and G. Hamerly and B. Calder",
  title = "Automatically Characterizing Large Scale Program Behaviour",
  booktitle = "10$^{th}$ ASPLOS",
  month = "October",
  year = "2002"
}

@inproceedings{szd04,
  author = "X. Shen and Y. Zhong and C. Ding", 
  title = "Locality Phase Prediction",
  booktitle = "11$^{th}$ ASPLOS",
  month = "October",
  year = "2004"
}

@inproceedings{ssc03,
  author = "T. Sherwood and S. Sair and B. Calder",
  title = "Phase Tracking and Prediction",
  booktitle = "30$^{th}$ ISCA",
  month = "June",
  year = "2003"
}

@inproceedings{sbb+01,
  author = "R. Sekar and M. Bendre and D. Dhurjati and P. Bollineni",
  title = "A Fast Automaton-Based Method for Detecting Anomalous Program
  Behaviors.",
  booktitle = "IEEE Symp. on Security and Privacy", 
  month = "May",
  year = "2001"
}
  
@inproceedings{svb+03,
  author = "R. Sekar and V. N. Venkatakrishnan and S. Basu and S. Bhatkar and
  D. C. DuVarney",
  title = "Model-Carrying Code: {A} Practical Approach for Safe Execution of
  Untrusted Applications",
  booktitle = "19$^{th}$ ACM SOSP",
  year = "2003"
}

@inproceedings{wd01,
  author = "D. Wagner and D. Dean",
  title = "Intrusion Detection via Static Analysis",
  booktitle = "IEEE Symp. on Security and Privacy",
  month = "May",
  year = "2001"
}

@inproceedings{yr04,
  author = "E. Yahav and G. Ramalingam",
  title = "Verifying Safety Properties using Separation and Heterogenous
  Abstractions",
  booktitle = "PLDI",
  pages = "25--34",
  Month = "June",
  year = "2004"
}

@inproceedings{llm+04,
   author = "Z. Li and S. Lu and S. Myagmar and Y Zhou",
   title = {CP-Miner: A tool for finding copy-paste and related bugs in operating system code},
   booktitle = "6th OSDI",
   month = Dec,
   year = 2004
}
@inproceedings{qts+05,
	author = "F. Qin and J. Tucek and J. Sundaresan and Y. Zhou",
	title = "{Rx}: {Treating} bugs as allergies---a safe method to survive
	software failures",
	booktitle = "SOSP",
	month = "Oct",
	year = 2005
}
