@inproceedings{ssc:ccs12,
	author = "S. Butt and A. Lagar-Cavilla and A. Srivastava and V. Ganapathy",
	title = "Self-service Cloud Computing",
	booktitle = "ACM CCS",
	year = 2012
}

@inproceedings{heyyou:ccs09,
	title = "Hey, You, Get Off of My Cloud: Exploring Information Leakage in Third-Party
	Compute Clouds",
	author = "T. Ristenpart and E. Tromer and H. Shacham and S. Savage",
	booktitle = "ACM CCS",
	year = 2009
}

@inproceedings{crossvm:ccs12,
	title = "{Cross-VM} Side Channels and Their Use to Extract Private Keys",
	author = "Y. Zhang and A. Juels and M. Reiter and T. Ristenpart",
	booktitle = "ACM CCS",
	year = 2012

}

@inproceedings{resfree:ccs12,
	title = "Resource-freeing Attacks: Improve Your Cloud Performance (at Your Neighbor's
Expense)",
	author = "V. Varadarajan and T. Kooburat and B. Farley and T. Ristenpart 
and M. Swift",
	booktitle = "ACM CCS",
	year = 2012
}

@inproceedings{perfhet:socc12,
	title = "More for Your Money: Exploiting Performance Heterogeneity in Public
	Clouds",
	author = "B. Farley and V. Varadarajan and K. Bowers and A. Juels and T.
Ristenpart and M. Swift",
  booktitle = "ACM SOCC",
	year = 2012
}

@inproceedings{homealone:oak11,
	title = "HomeAlone: Co-residency detection in the cloud via side-channel
	analysis",
	author = "Y. Zhang and A. Juels and A. Oprea and M. K. Reiter",
	booktitle = "IEEE Symposium on Security and Privacy",
	year = 2011
}

@inproceedings{pace:infocom13,
	title = "{PACE}: {Policy}-Aware Application Cloud Embedding",
	author = "L. E. Li and V. Liaghat and H. Zhao and M. Hajiaghayi and D. Li and
	G. Wilfong and Y. R. Yang and C. Guo",
	booktitle = "INFOCOM",
	year = 2013
}

@inproceedings{ethane:sigcomm07,
	title = "Ethane: {Taking} Control of the Enterprise",
	author = "M. Casado and M. Freedman and J. Petit and J. Luo and N. McKeown
	and S. Shenker",
	booktitle = "ACM SIGCOMM",
	year = 2007
}

@article{greenlagh:ccr09,
	title = "Flow Processing and the Rise of Commodity Network Hardware",
	author = "A. Greenlagh and M. Handley and M. Hoerdt and F. Huici and L. Mathy
	and P. Papadimitriou",
	journal = "ACM Computer Communications Review",
	year = 2009
}

@inproceedings{simple:sigcomm13,
	title = "{SIMPLE}-fying Middlebox Policy Enforcement using {SDN}",
	author = "Z. Qazi and C. Tu and L. Chiang and R. Miao and V. Sekar and M.
	Yu",
	booktitle = "ACM SIGCOMM",
	year  = 2013
}

@inproceedings{TODO,
	author = "\todo{TODO}"
}

@inproceedings{caas:acns13,
  author = "S. Bleikertz and S. Bugiel and H. Ideler and S. Nurnberger and A. Sadeghi",
  title = "Client-Controlled Cryptography-as-a-Service in the Cloud",
  booktitle = "Applied Cryptography and Network Security Conference",
	year = 2013
}

@misc{xen:bidirectional:30Jul2013,
	title = "[Xen-devel] Bidirectional network throughput for netback",
	note = "\url{http://lists.xen.org/archives/html/xen-devel/2013-07/msg02709.html}",
	month = "July",
	year = 2013
}

@misc{xen:bidirectional:30Jul2013-anon,
	note = "This reference is a URL pointing to our discussion with the Xen
	developers on \url{lists.xen.org}. Because the discussion at this URL
	reveals our identity, we have not provided it here. PC members interested in
	obtaining this URL can contact the authors via the PC chair"
}

@misc{cloudapp:ccsw12,
	author = "A. Srivastava and V. Ganapathy",
	title = "Towards a richer model for Cloud App Markets",
	booktitle = "ACM Cloud Computing Security Workshop",
	year = 2012
}
