@String{ security98 = {7th USENIX Security Symposium (Security'98)} }

@inproceedings{ HerlihyLuchangco+2006-DSTM2,
 author = {Herlihy, Maurice and Luchangco, Victor and Moir, Mark},
 title = {A flexible framework for implementing software transactional memory},
 booktitle = {OOPSLA '06: Proceedings of the 21st annual ACM SIGPLAN conference
on Object-oriented programming systems, languages, and applications},
 year = {2006},
 isbn = {1-59593-348-4},
 pages = {253--262},
 location = {Portland, Oregon, USA},
 doi = {http://doi.acm.org/10.1145/1167473.1167495},
 publisher = {ACM},
 address = {New York, NY, USA},
 }


@inproceedings{ MooreBobba+2006-LogTM,
	author = "K. E. Moore and J. Bobba and M. J. Moravan and M. D. Hill and D. A.
	Wood",
	title = "{LogTM}: {Log}-based Transactional Memory",
	booktitle = "12th International Symposium on High Performance Computer
	Architecture",
	month = "February",
	year = 2006
}

@inproceedings{ HarrisPeytonJones2006-tmhaskell,
  author	= {Harris, Tim and {{Peyton Jones}}, Simon},
  title		= {Transactional memory with data invariants},
  booktitle	= {TRANSACT~'06: 1st Workshop on Languages, Compilers, and Hardware Support for Transactional Computing},
  urlpage	= {http://hdl.handle.net/1802/4046},
  pdf		= {http://research.microsoft.com/en-us/um/people/tharris/papers/2006-transact.pdf},
  year		= {2006},
  month		= {jun},
}

@article{ ZhouQinLui+2004-iWatcher,
author = {Pin Zhou and Feng Qin and Wei Liu and Yuanyuan Zhou and Josep Torrellas},
title = {iWatcher: Efficient Architectural Support for Software Debugging},
journal ={Computer Architecture, International Symposium on},
volume = {0},
year = {2004},
issn = {1063-6897},
pages = {224},
doi = {http://doi.ieeecomputersociety.org/10.1109/ISCA.2004.1310777},
publisher = {IEEE Computer Society},
address = {Los Alamitos, CA, USA},
}

@article{ AftandilianGuyer2009-GCassert,
 author = {Aftandilian, Edward E. and Guyer, Samuel Z.},
 title = {GC assertions: using the garbage collector to check heap properties},
 journal = {SIGPLAN Not.},
 volume = {44},
 number = {6},
 year = {2009},
 issn = {0362-1340},
 pages = {235--244},
 doi = {http://doi.acm.org/10.1145/1543135.1542503},
 publisher = {ACM},
 address = {New York, NY, USA},
 }

@article{ NethercoteSeward2007-Valgrind,
 author = {Nethercote, Nicholas and Seward, Julian},
 title = {Valgrind: a framework for heavyweight dynamic binary instrumentation},
 journal = {SIGPLAN Not.},
 volume = {42},
 number = {6},
 year = {2007},
 issn = {0362-1340},
 pages = {89--100},
 doi = {http://doi.acm.org/10.1145/1273442.1250746},
 publisher = {ACM},
 address = {New York, NY, USA},
 }

@InProceedings{ CowanPuMaier+1998-Stackguard,
  author =       {Crispin Cowan and Calton Pu and David Maier and Heather Hinton
and Peat Bakke and Steve Beattie and Aaron Grier and Perry Waggle and Qian
Zhang},
  title =        {{StackGuard}: Automatic adaptive detection and prevention of
buffer-overflow attacks},
  booktitle =    {Proceedings of the } # security98,
  pages =        {63 -- 78},
  year =         1998,
  address =      {San Antonio, TX, USA},
  month =        jan,
  organization = {USENIX},
  publisher =    {USENIX}
}

@Misc{ rochesterSTM,
  title =        {Rochester software transactional memory group},
  howpublished = {\url{http://www.cs.rochester.edu/research/synchronization/rstm}}
}

@inproceedings{ CezeTuck+2006-bulk,
 author = {Ceze, Luis and Tuck, James and Torrellas, Josep and Cascaval, Calin},
 title = {Bulk Disambiguation of Speculative Threads in Multiprocessors},
 booktitle = {ISCA '06: Proceedings of the 33rd annual international symposium on Computer Architecture},
 year = {2006},
 isbn = {0-7695-2608-X},
 pages = {227--238},
 doi = {http://dx.doi.org/10.1109/ISCA.2006.13},
 publisher = {IEEE Computer Society},
 address = {Washington, DC, USA},
 }

@inproceedings{ DamronFedorova+2006-HyTM,
 author = {Damron, Peter and Fedorova, Alexandra and Lev, Yossi and Luchangco, Victor and Moir, Mark and Nussbaum, Daniel},
 title = {Hybrid transactional memory},
 booktitle = {ASPLOS-XII: Proceedings of the 12th international conference on Architectural support for programming languages and operating systems},
 year = {2006},
 isbn = {1-59593-451-0},
 pages = {336--346},
 location = {San Jose, California, USA},
 doi = {http://doi.acm.org/10.1145/1168857.1168900},
 publisher = {ACM},
 address = {New York, NY, USA},
 }

@INPROCEEDINGS{ DiceShalev+2006-translock2,
    author = {Dave Dice and Ori Shalev and Nir Shavit},
    title = {Transactional Locking II},
    booktitle = {In Proc. of the 20th Intl. Symp. on Distributed Computing},
    year = {2006}
}

@article{ HammondWong+2004-transmemcoh,
 author = {Hammond, Lance and Wong, Vicky and Chen, Mike and Carlstrom, Brian D. and Davis, John D. and Hertzberg, Ben and Prabhu, Manohar K. and Wijaya, Honggo and Kozyrakis, Christos and Olukotun, Kunle},
 title = {Transactional Memory Coherence and Consistency},
 journal = {SIGARCH Comput. Archit. News},
 volume = {32},
 number = {2},
 year = {2004},
 issn = {0163-5964},
 pages = {102},
 doi = {http://doi.acm.org/http://doi.acm.org/10.1145/1028176.1006711},
 publisher = {ACM},
 address = {New York, NY, USA},
 }

@inproceedings{ MinhTrautmann+2007-SigTM,
 author = {Minh, Chi Cao and Trautmann, Martin and Chung, JaeWoong and McDonald, Austen and Bronson, Nathan and Casper, Jared and Kozyrakis, Christos and Olukotun, Kunle},
 title = {An effective hybrid transactional memory system with strong isolation guarantees},
 booktitle = {ISCA '07: Proceedings of the 34th annual international symposium on Computer architecture},
 year = {2007},
 isbn = {978-1-59593-706-3},
 pages = {69--80},
 location = {San Diego, California, USA},
 doi = {http://doi.acm.org/10.1145/1250662.1250673},
 publisher = {ACM},
 address = {New York, NY, USA},
 }

@inproceedings{ YenBobba+2007-LogTMSE,
 author = {Yen, Luke and Bobba, Jayaram and Marty, Michael R. and Moore, Kevin E. and Volos, Haris and Hill, Mark D. and Swift, Michael M. and Wood, David A.},
 title = {LogTM-SE: Decoupling Hardware Transactional Memory from Caches},
 booktitle = {HPCA '07: Proceedings of the 2007 IEEE 13th International Symposium on High Performance Computer Architecture},
 year = {2007},
 isbn = {1-4244-0804-0},
 pages = {261--272},
 doi = {http://dx.doi.org/10.1109/HPCA.2007.346204},
 publisher = {IEEE Computer Society},
 address = {Washington, DC, USA},
 }

@inproceedings{ SahaAdlTabatabai+2006-HASTM,
 author = {Saha, Bratin and Adl-Tabatabai, Ali-Reza and Jacobson, Quinn},
 title = {Architectural Support for Software Transactional Memory},
 booktitle = {MICRO 39: Proceedings of the 39th Annual IEEE/ACM International Symposium on Microarchitecture},
 year = {2006},
 isbn = {0-7695-2732-9},
 pages = {185--196},
 doi = {http://dx.doi.org/10.1109/MICRO.2006.9},
 publisher = {IEEE Computer Society},
 address = {Washington, DC, USA},
 }

@inproceedings{cg:heapmd:asplos2006,
  author = {Trishul M. Chilimbi and Vinod Ganapathy},
  title = {HeapMD: Identifying Heap-based Bugs using Anomaly Detection},
  booktitle = {ASPLOS'06: Proceedings of the Twelfth International Conference 
     on Architectural Support for Programming Languages and Operating Systems},
  month = {October},
  year = {2006},
  pages = {219--228},
  address = {San Jose, California, USA},
  note = {http://doi.acm.org/10.1145/1168857.1168885},
  publisher = {ACM Press, New York, NY, USA}
}

@inproceedings{ BaligaGanapathy+2008-Gibraltar,
  author = {Arati Baliga and Vinod Ganapathy and Liviu Iftode},
  title = {Automatic Inference and Enforcement of Kernel Data Structure Invariants},
  booktitle = {ACSAC'08: Proceedings of the 24th Annual Computer Security Applications Conference},
  month = {December},
  year = {2008},
  pages = {77--86},
  address = {Anaheim, California, USA},
  note = {http://dx.doi.org/10.1109/ACSAC.2008.29},
  publisher = {IEEE Computer Society Press, Los Alamitos, California, USA}
}
