@inproceedings{lsck07,
	author = "M. E. Locasto and A. Stavrou and G. Cretu and A. Keromytis",
	title = "From {STEM} to {SEAD}: {Speculative} Execution for Automated
	Defense",
	booktitle = "USENIX Annual Technical",
	month = "June",
	year = 2007
}

@inproceedings{shtz06,
	author = "N. Swamy and M. Hicks and S. Tse and S. Zdancewic",
	title = "Managing Policy Updates in Security-Typed Languages",
	booktitle = "Computer Security Foundations Workshop",
	month = "July",
	year = 2006
}

@misc{aic06,
  author = "A. Baliga and L. Iftode and X. Chen",
  title = "Automated Defense from Rootkit Attacks",
  note = "Rutgers University Technical Report TR-593",
  month = "Jan",
  year = 2006
}

@misc{freecs,
  key = "FreeCS",
  title = "{FreeCS}---The free chatserver",
  note = "\url{http://freecs.sourceforge.net}"
}

@misc{tar,
  key = "Tar",
  title = "Tar for {Java}: The com.ice.tar package",
  note = "\url{http://trustice.com/java/tar/}"
}

@inproceedings{haskellSTM,
  author = "T. Harris and S. Marlow and S. Peyton Jones and M. Herlihy",
  title = "Composable memory transactions",
  booktitle= "PPoPP",
	month = "Feb",
  year = "2005"
}

@inproceedings{otherHaskellSTM,
  author = "A. Discolo and T. Harris and S. Marlow and S. P. Jones and S. Singh",
  title = "Lock-Free Data Structures using {STMs} in {Haskell}",
  booktitle = "Intl. Symp. on Functional and Logic Programming",
  month = Apr,
  year = 2006
}

@inproceedings{c95,
  author = "F. Cristian",
  title = "Exception Handling and Tolerance of Software Faults",
  booktitle = "Software Fault Tolerance",
  publisher = "Wiley",
  year = 1995
}

@inproceedings{rstm,
  author = "L. Dalessandro \etal",
  title = "Capabilities and Limitations of Library-Based Software
  Transactional Memory in {C++}",
  booktitle = "ACM SIGPLAN TRANSACT",
  month = "Aug",
  year = 2007
}

@inproceedings{nr+07,
  author = "N. Neelakantam \etal",
  title = "Hardware Atomicity for Reliable Software Speculation",
  booktitle = "ISCA",
  month = "June",
  year = 2007
}

@article{ss75,
  author = "J. H. Saltzer and M. D. Schroeder", 
  title = "The Protection of Information in Computer Systems",
  journal = "Proc. of the IEEE",
  volume = 63,
  number = 9,
  pages = "1278--1308",
  month = "Sep",
  year = 1975
}

@inproceedings{slam,
  author = "T. Ball and S. K. Rajamani",
  title = "The {SLAM} Project: {Debugging} System Software via Static
  Analysis",
  booktitle = "ACM POPL",
  month = "Jan",
  year = 2002
}

@inproceedings{xgcc,
  author = "D. Engler and B. Chelf and A. Chou and S. Hallem",
  title = "Checking System Rules Using System-Specific, Programmer-Written
  Compiler Extensions",
  booktitle = "USENIX OSDI",
	month = "Dec",
  year = 2000
}

@inproceedings{herlihyPoDC,
  author = "M. Herlihy and V. Luchango and M. Moir and W.
  Scherer",
  title = "Software Transactional Memory for Dynamic-sized Data Structures",
  booktitle = "ACM PODC",
  month = "July",
  year = 2003
}


@inproceedings{cn01,
  author = "P. M. Chen and B. Noble",
  title = "When Virtual is Better than Real",
  booktitle = "USENIX HotOS",
  month = "May",
  year = 2001
}

@inproceedings{kc03,
  author = "S. T. King and P. M. Chen",
  title = "Backtracking Intrusions",
  booktitle = "ACM SOSP",
  month = "Oct",
  year = 2003
}

@inproceedings{dkc+02,
  author = "G. W. Dunlap and S. T. King and S. Cinar and M.
  Basrai and P. M. Chen",
  title = "{ReVirt}: {Enabling} Intrusion Analysis through Virtual-Machine
  Logging and Replay",
  booktitle = "USENIX OSDI",
  month = "Dec",
  year = 2002
}


@misc{jakarta,
  key = "Jakarta Apache Commons",
  title = "Jakarta {Apache} {Commons}",
  note = "\url{http://commons.apache.org/transaction}"
}

@misc{txf,
  author = "Microsoft",
  title = "Transactional {NTFS} in {Windows} {Vista}",
  note = "\url{http://msdn2.microsoft.com/en-us/library/aa363764.aspx}"
}

@misc{mysql,
  author = "M.D. Matthews",
  title = "Distributed Transactions with {MYSQL} {XA}",
  booktitle = "MySQL Users Conf.",
  year = 2005
}

@misc{xacml,
  key = "Extensible Access Control Markup Language",
  title = "Extensible Access Control Markup Language",
  note = "\url{http://xml.coverpages.org/xacml.html}"
}

@book{javabook,
  author = "L. Gong and G. Ellison and M. Dageforde",
  title = "Inside {Java} 2 Platform Security",
  edition = "second",
  publisher = "Addison-Wesley", 
  month = sep,
  year = 2003
}

@inproceedings{irmPaper,
  author = "{\'U}. Erlingsson and F.B. Schneider",
  title = "{SASI} enforcement of security policies: A retrospective",
  booktitle = "New Security Paradigms Workshop",
  year = 1999
}

@inproceedings{tlm+06,
  author = "A. Adi-Tabatabai and B. T. Lewis and V. Menon and B. R. Murphy and
  B. Saha and T. Shpeisman",
  title = "Compiler and Runtime Support for Efficient Software Transactional
  Memory",
  booktitle = "ACM PLDI",
  month = "June",
  year = 2006
}

@book{gr-book,
  author = "J. Gray and A. Reuter",
  title = "Transaction Processing: {Concepts} and Techniques",
  publisher = "Morgan Kaufmann",
  year = "1993"
}


@inproceedings{st95,
  author = "N. Shavit and D. Touitou",
  title = "Software Transactional Memory",
  booktitle = "ACM PODC",
  month = "Aug",
  year = 1995
}

@inproceedings{gr03,
  author = "T. Garfinkel and M. Rosenblum",
  title = "A virtual machine introspection based architecture for intrusion
  detection",
  booktitle = "NDSS",
  month = "Feb",
  year = 2003
}

@techreport{bl76,
  author = "D. E. Bell and L. J. LaPadula",
  title = "Secure Computer System: {Unified} Exposition and {Multics}
  Interpretation",
  institution = "Deputy for Command and Management Systems, HQ Electronic Systems
  Division (AFSC)",
  number = "ESD-TR-75-306",
  address = "L. G. Hanscom Field, Bedford, MA",
  month = "Mar",
  year = 1976
}

@inproceedings{NightingaleSpeck,
 author = {Edmund B. Nightingale and Daniel Peek and Peter M. Chen and Jason Flinn},
 title = {Parallelizing security checks on commodity hardware},
 booktitle = "ACM ASPLOS",
 year = {2008},
}


@techreport{haskellTMI,
  author = "A. Birgisson and {\'U}. Erlingsson",
  title = "An Implementation and Semantics for Transactional Memory Introspection in {Haskell}",
  institution = "Reykjav{\'\i}k University",
  number = "RUTR-CS08007",
  month = "Aug",
  year = 2008
}

@article{bd96,
  author = "M. Bishop and M. Digler",
  title = "Checking for Race Conditions in File Accesses", 
  journal = "Computer Systems",
  volume = 9,
  number = 2,
  pages = "131--152",
  month = "Spring",
  year = 1996
}

@inproceedings{mbm+06b,
  author = "M. J. Moravan \etal",
  title = "Supporting Nested Transactional Memory in {LogTM}",
  booktitle = "ACM ASPLOS",
  month = "Oct",
  year = 2006
}

@inproceedings{rhp+07,
  author = "C. J. Rossbach and O. S. Hofmann and D. E. Porter
  and H. E. Ramadan and A. Bhandari and E. Witchel",
  title = "{TxLinux}: {Using} and Managing Transactional Memory in an Operating
  System",
  booktitle = "ACM SOSP",
  month = "Oct",
  year = 2007
}

@techreport{a72,
  author = "J. P. Anderson",
  title = "Computer Security Technology Planning Study, Volume {II}",
  institution = "Deputy for Command and Management Systems",
  number = "ESD-TR-73-51",
  address = "L. G. Hanscom Field, Bedford, MA",
  month = "Oct",
  year = 1972
}

@phdthesis{e04,
  author = "{\'U}. Erlingsson",
  title = "The Inlined Reference Monitor Approach to Security Policy
  Enforcement",
  school = "Cornell University",
  month = "Jan",
  year = 2004
}

@inproceedings{gjj06,
  author = "V. Ganapathy and T. Jaeger and S. Jha", 
  title = "Retrofitting Legacy Code for Authorization Policy Enforcement",
  booktitle = "IEEE S\&P",
  month = "May",
  year = 2006
}

@inproceedings{gkjj07,
  author = "V. Ganapathy and D. King and T. Jaeger and S. Jha",
  title = "Mining Security-sensitive Operations in Legacy Code using Concept
  Analysis",
  booktitle = "ACM/IEEE ICSE",
  month = "May",
  year = 2007
}

@inproceedings{zej02,
  author = "X. Zhang and A. Edwards and T. Jaeger",
  title = "Using {CQUAL} for Static Analysis of Authorization Hook Placement",
  booktitle = "USENIX Security",
  month = "Aug",
  year = 2002
}

@article{jez04,
  author = "T. Jaeger and A. Edwards and X. Zhang",
  title = "Consistency Analysis of Authorization Hook Placement in the {Linux}
  Security Modules Framework",
  journal = "ACM TISSEC",
  volume = "7",
  number = "2",
  pages = "175--205",
  month = "May",
  year = 2004
}

@inproceedings{f06,
  author = "B. Fletcher",
  title = "Case study: {Open} source and Commercial Applications in a
  {Java}-based {SELinux} Cross-Domain Solution", 
  booktitle = "Annual SELinux Symp.",
  month = "Mar",
  year = 2006
}

@inproceedings{hms06,
  author = "M. Hocking and K. Macmillan and D. Shankar",
  title = "Case study: {Enhancing} {IBM} {Websphere} with {SELinux}",
  booktitle = "Annual SELinux Symp.",
  month = "Mar",
  year = 2006
}

@inproceedings{wal07,
  title = "Integrating {X.Org} with Security-Enhanced {Linux}",
  author = "E. Walsh",
  booktitle = "Annual SELinux Symp.",
  month = "Mar",
  year = 2007
}

@techreport{ksv03,
  author = "D. Kilpatrick and W. Salamon and C. Vance",
  title = "Securing the {X} {Window} System with {SELinux}",
  institution = "NAI Labs",
  number = "03-006",
  month = "Mar",
  year = "2003"
}
  
@book{lr06,
  author = "J. R. Larus and R. Rajwar",
  title = "Transactional Memory", 
  series = "Synthesis Lectures on Computer Architecture",
  publisher = "Morgan Claypool",
  year = 2006
}

@inproceedings{ls01a,
  author = "P. Loscocco and S. Smalley",
  title = "Integrating Flexible Support for Security Policies into the {Linux}
  Operating System",
  booktitle = "FREENIX track: USENIX Annual Technical",
  month = "June",
  year = 2001
}
  
@inproceedings{wcs+02,
  author = "C. Wright and C. Cowan and S. Smalley and J. Morris and G.
  Kroah-Hartman",
  title = "{Linux} Security Modules: {General} Security Support for the 
  {Linux} Kernel",
  booktitle = "USENIX Security",
  month = "Aug",
  year = 2002
}

@misc{xserver,
  key = "xserver",
  title = "{The X11 Server, version X11R6.8 (X.Org Foundation)}",
}

@misc{weirdx,
	key = "weirdx",
	author = "JCraft",
	title = "{WeirdX}---pure {Java} Window System Server under {GPL}",
	note = "\url{http://www.jcraft.com/weirdx}"
}

@inproceedings{w07,
  author = "R. N. M. Watson",
  title = "Exploiting Concurrency Vulnerabilities in System Call Wrappers",
  booktitle = "USENIX Workshop on Offensive Technologies",
  month = "Aug",
  year = 2007
}

@inproceedings{hlm06,
  author = "M. Herlihy and V. Luchango and M. Moir",
  title = "A flexible framework for implementing software transactional memory",
  booktitle = "ACM SIGPLAN OOPSLA",
  month = "Oct",
  year = 2006
}

@inproceedings{hm93,  
  author = "M. Herlihy and J. E. B. Moss",
  title = "Transactional Support for Lock Free Data Structures",
  booktitle = "ISCA",
  month = "June",
  year = 1993
}

@inproceedings{ses+96,
  author = "M. I. Seltzer and Y. Endo and C. Small and K.
  A. Smith",
  title = "Dealing with Disaster: {Surviving} Misbehaved Kernel Extensions",
  booktitle = "USENIX OSDI",
  month = "Oct",
  year = 1996
}

@inproceedings{sb98,
  author = "Y. Saito and B. Bershad",
  title = "Transactional Memory in an Extensible Operating System",
  booktitle = "USENIX Annual Technical",
  month = "June",
  year = 1998
}

@article{ff07,
  author = "C. Fetzer and P. Felber",
  title = "Improving Program Correctness with Atomic Exception Handling",
  journal = "Journal of Universal Computer Science",
  volume = 13,
  number = 8,
  month = "Aug",
  year = 2007
}

@phdthesis{f07,
  author = "C. Fu",
  title = "Exception analysis and testing of Object-Oriented Software",
  school = "Rutgers University",
  month = "Nov",
  year = 2007
}

@inproceedings{gra+08,
  author = "H. S. Gunawi and C. Rubio-Gonzales and A. C.
  Arpaci-Dusseau and R. H. Arpaci-Dusseau and B. Liblit",
  title = "{EIO}: {Error} Handling is Occasionally Correct",
  booktitle = "USENIX File and Storage Technologies",
  month = "Feb",
  year = 2008
}

@inproceedings{pba+05,
  author = "V. Prabhakaran and L. N. Bairavasundaram and N.
  Agrawal and H. S. Gunawi and A. C. Arpaci-Dusseau and R. H.
  Arpaci-Dusseau",
  title = "{IRON} File Systems",
  booktitle = "ACM SOSP",
  month = "Oct",
  year = 2005
}

@article{harrisFraserSTM,
 author = {T. Harris and K. Fraser},
 title = {Language support for lightweight transactions},
 journal = {SIGPLAN Not.},
 volume = {38},
 number = {11},
 year = {2003},
 pages = {388--402},
 }

@article{maskingNonatomicExceptions,
author = {C. Fetzer and P. Felber and K. Hogstedt},
title = {Automatic Detection and Masking of Nonatomic Exception Handling},
journal = {IEEE Trans. on Software Engineering},
volume = {30},
number = {8},
year = {2004},
pages = {547-560},
}

@ARTICLE{exceptionHandlingStudy, 
title={Eliminating exception handling errors with dependability cases: a comparative, empirical study}, 
author={R. A. Maxion and R. T. Olszewski}, 
journal={Trans. on Software Engineering}, 
year={Sep 2000}, 
volume={26}, 
number={9}, 
pages={888-906}, 
}

@article{falseSenseOfSecurity,
author="T. Cargill",
title="Exception Handling: A False Sense of Security", 
journal="C++ Report", 
volume=6, 
number=9, 
month="Nov",
year=1994
}

@article{errorHandlingMistakes,
 author = "W. Weimer and G. C. Necula",
 title = "Exceptional Situations and Program Reliability",
 journal = "ACM TOPLAS",
 volume = 30,
 number = 2,
 month = "Mar",
 year = 2008
}


@inproceedings{clarkWilson,
  author = {D. D. Clark and D. R. Wilson},
  title = {A Comparison of Commercial and Military Computer Security Policies},
  booktitle = "IEEE S\&P",
  month = "May",
  year = {1987},
}

@inproceedings{transactionalTainting,
title = "Thread-Safe Dynamic Binary Translaction using Transactional Memory",
author = {J. Chung and M. Dalton and H. Kannan and C. Kozyrakis},
booktitle = "IEEE HPCA",
month = "Feb",
year = 2008
}

@inproceedings{hardwareTMOne,
  author = "L. Hammond \etal",
  title = "Transactional Memory Coherence and Consistency",
  booktitle = "ISCA",
  month = "June",
  year = 2004
}

@inproceedings{mbm+06a,
author = "K. E. Moore \etal",
title = "{LogTM}: {Log-based} Transactional Memory",
booktitle = "IEEE HPCA",
month = "Feb",
year = 2006
}

@inproceedings{hybridSTMOne,
author = "C. Cao Minh \etal",
title = "An Effective Hybrid Transactional Memory System with Strong Isolation
Guarantees",
booktitle = "ISCA",
month = "June",
year = "2007"
}

@inproceedings{hybridSTMTwo,
author = "B. Saha and A.-R. Adl-Tabatabai and Q. Jacobson",
title = "Architectural Support for Software Transactional Memory",
booktitle = "IEEE Symp. on Microarchitecture",
month = "Dec",
year = 2006
}

@inproceedings{hybridSTMThree,
  author = "P. Damron \etal",
  title = "Hybrid Transactional Memory",
  booktitle = "ACM ASPLOS",
  month = "Oct",
  year = 2006
}

@misc{ibmErrorSurvey,
  author = "F. Christian",
  note = "Exception handling. Technical Report RJ5724, IBM Research, 1987"
}

@inproceedings{microReboots,
  author = "G. Candea and S. Kawamoto and Y. Fujiki and G. Friedman and A.
  Fox",
  title = {Microreboot: A technique for cheap recovery},
  booktitle = "USENIX OSDI",
  month = "Dec",
  year = {2004},
}

@inproceedings{fournetSecurityExceptions, 
  title="From stack inspection to access control: a security analysis for
  libraries", 
  author = "F. Besson and T. Blanc and C. Fournet and A.D. Gordon", 
  booktitle = "IEEE CSFW",
  month = "June",
  year=2004 
}

@inproceedings{HBAC,
  author = "M. Abadi and C. Fournet",
  title = "Access control based on execution history",
  booktitle = "NDSS",
  year = "2003"
}

@inproceedings{speck,
  author = "E. Nightingale and D. Peek and P. M. Chen and J. Flinn",
  title = "Parallelizing Security Checks on Commodity Hardware",
  booktitle = "ACM ASPLOS",
	month = Mar,
  year = 2008
}

@inproceedings{oneway,
  author = "W. Sun and Z. Liang and R. Sekar and V. N. Venkatakrishnan",
  title = "One-way Isolation: An Effective Approach for Realizing Safe
  Execution Environments",
  booktitle = "NDSS",
	month = Feb,
  year = 2005
}

@misc{hierro05,
	author = "L. H. Garcia-Hierro",
	title = "[{RFC}]: {SELinux} \texttt{file\_ioctl} hook permission checks
	change",
	note = "\url{http://www.nsa.gov/selinux/list-archive/0512/14046.cfm}",
	month = Dec,
	year = 2005
}

@misc{x11perf,
	key = "x11perf",
	title = "x11perf: The {X11} server performance test program suite"
}

@inproceedings{ccg08,
	author = "Sigmund Cherem and Trishul Chilimbi and Sumit Gulwani",
	title = "Inferring Locks for Atomic Sections",
	booktitle = "ACM PLDI",
	month = "June",
	year = 2008
}

@inproceedings{efjm07,
	author = "Michael Emmi and Jeff Fischer and Ranjit Jhala and Rupak Majumdar",
	title = "Lock Allocation",
	booktitle = "ACM POPL",
	month = "Jan",
	year = 2007
}

@misc{aspectcpp, 
  key = "Aspectc",
  title = "The home of {AspectC++}",
  note = "\url{http://www.aspectc.org}"
} 

@misc{aspectj,
  key = "Aspectj",
  title = "{AspectJ} Project",
  note = "\url{http://www.eclipse.org/aspectj}"
} 

@inproceedings{spj2006invariants,
	author = "S. Peyton-Jones and T. Harris",
	booktitle = "ACM SIGPLAN TRANSACT",
	title = "Transactional memory with data invariants",
	year = 2006
}

@inproceedings{abadiPoPl,
	author = "M. Abadi and A. Birrell and T. Harris and M. Isard",
	title = "Semantics of Transactional Memory and Automatic Mutual Exclusion",
	booktitle = "ACM POPL",
	month = "Jan",
	year = 2008
}

@inproceedings{smt+07,
	author = "T. Shpeisman and V. Menon and A. Adl-Tabatabai and S. Balensiefer
	and D. Grossman and R. L. Hudson and K. F. Moore and B. Saha",
	title = "Enforcing Isolation and Ordering in {STM}",
	booktitle = "ACM PLDI",
	month = "June",
	year = 2007
}

@article{EM,
	author = "F. B. Schneider",
	title = "Enforceable Security Policies",
	journal = "ACM TISSEC",
	month = "Feb",
	year = 2000,
	volume = 3,
	number = 1,
	pages = "30--50"
}

@inproceedings{ymc07,
	author = "A. Yumerefendi and B. Mickle and L. Cox",
	title = "{TightLip}: {Keeping} Applications from Spilling the Beans",
	booktitle = "USENIX NSDI",
	month = Apr,
	year = 2007
}
