@inproceedings{Oberheide10,
	author = "J. Oberheide and F. Jahanian",
	title = "{When Mobile is Harder Than Fixed (and Vice Versa): Demystifying Security Challenges in Mobile Environments}",
	booktitle = "Proc. Workshop on Mobile Computing Systems and
	Applications",
	month = "February",
	year = 2010
}

@inproceedings{saroiu:hotmobile10,
	author = "S. Saroiu and A. Wolman",
	title = "{I am a Sensor and I Approve this Message}",
	booktitle = "Proc. Workshop on Mobile Computing Systems and
	Applications",
	month = "February",
	year = 2010
}

@inproceedings{gilbert:hotmobile10,
	author = "P. Gilbert and L. Cox and J. Jung and D. Wetherall",
	title = "{Toward Trustworthy Mobile Sensing}",
	booktitle = "Proc. Workshop on Mobile Computing Systems and
	Applications",
	month = "February",
	year = 2010
}

@misc{cortex,
  Author = {ARM},
  Howpublished = {\url{http://www.arm.com/products/processors/cortex-a/cortex-a9.php}},
  Title = {Cortex-A9 Processor}
}

@misc{tpm,
  Author = {Trusted Computing Group},
  Howpublished = {\url{https://www.trustedcomputinggroup.org/specs/TPM/}},
  Title = {{Trusted Platform Module (TPM) Specifications}}
}

@inproceedings{christodorescu:issta:04,
	title = "Testing Malware Detectors",
	author = "M. Christodorescu and S. Jha",
	booktitle = "Proc. International Symposium on Software Testing and Analysis",
	month = "July",
	year = 2004
}

@inproceedings{cloudavphone:mobivirt:08,
  title = "{Virtualized In-Cloud Security Services for Mobile Devices}",
  author = "J. Oberheide and K. Veeraraghavan and E. Cooke and J. Flinn and F. Jahanian",
  booktitle = "Proc. Workshop on Virtualization in Mobile Computing",
  month = "June",
  year = 2008
}

@inproceedings{xenarm,
	title = "{Xen on ARM: System Virtualization Using Xen Hypervisor for
	ARM-Based Secure Mobile Phones}",
	author = "J. Hwang and S. Suh and  S. Heo and  C. Park and J. Ryu and  S. Park and C. Kim",
	booktitle = "Consumer Communications and Networking Conference",
	month = "January",
	year = "2008"
}

@inproceedings{lmbench,
  author = {L. McVoy and C. Staelin},
  title = {lmbench: Portable Tools for Performance Analysis},
  booktitle = {Proc. USENIX Annual Technical Conference},
  year = 1996
}

@article{intel-vtd,
	title = "{Intel Virtualization Technology: Hardware Support for Efficient
	Processor Virtualization}",
	author = "G. Neiger and A. Santoni and F. Leung and D. Rodgers and R. Uhlig",
	booktitle = "Intel Technology Journal",
	volume = 10,
	number = 3,
	month = "August",
	year = 2006
}
		

@article{paladin:baliga:08,
  author = "A. Baliga and L. Iftode and X. Chen",
  title = "{Automated Defense from Rootkit Attacks}",
  journal = "Computers and Security",
  volume = 27,
  number = "7-8",
  month = "December",
  year = 2008
}

@phdthesis{christodorescu:phd:07,
  title = "{Behavior-based Malware Detection}",
  author = "M. Christodorescu",
  school = "University of Wisconsin-Madison",
  month = "August",
  year = 2007
}

@inproceedings{traynor:ccs05,
  author = "W. Enck and P. Traynor and P. McDaniel and T. La Porta",
  title = "{Exploiting Open Functionality in SMS-Capable Cellular Networks}",
  booktitle = "Proc. ACM Conf. on Computer and Communications Security",
  month = "Oct",
  year = 2005
}

@inproceedings{traynor:ccs09,
  author = "P. Traynor and M. Lin and M. Ongtang and V. Rao and T. Jaeger and T.
  La Porta and P. McDaniel",
  title = "{On Cellular Botnets: Measuring the Impact of Malicious Devices on a
  Cellular Network Core}",
  booktitle = "Proc. ACM Conference on Computer and Communications Security",
  month = "November",
  year = 2009
}

@INPROCEEDINGS{Bickford10,
 AUTHOR = "J. Bickford and R. O\' Hare and A. Baliga and V. Gannapathy and L. Iftode",
 TITLE = "{Rootkits on Smart Phones: Attacks, Implications and Opportunities}",
 BOOKTITLE = "{Proc. Workshop on Mobile Computing Systems and Applications}",
 MONTH = "February",
 YEAR = 2010
}

@INPROCEEDINGS{Wang09,
 AUTHOR = {Z. Wang and X. Jiang and W. Cui and P. Ning},
 TITLE = "{Countering Kernel Rootkits with Lightweight Hook Protection}",
 BOOKTITLE = "{Proceedings of the {ACM} Conference on Computer and Communications Security}",
 MONTH = "November",
 YEAR = 2009
}

@INPROCEEDINGS{Shacham07,
 AUTHOR = {H. Shacham},
 TITLE = "{The Geometry of Innocent Flesh on the Bone: Return-into-libc without Function Calls (on the x86)}",
 BOOKTITLE = "{Proc. {ACM} Conference on Computer and Communications Security}",
 MONTH = "October",
 PAGES = {552--561},
 YEAR = 2007
}

@inproceedings{semantic:security:06,
	author = "N. L. Petroni and T. Fraser and A. Walters and W. A. Arbaugh",
	title = "{An Architecture for Specification-based Detection of Semantic
	Integrity Violations of Kernel Dynamic Data}",
	booktitle = "Proc. USENIX Security Symposium",
	month = "August",
	year = 2006
}

@INPROCEEDINGS{petroni07sbcfi,
 AUTHOR = {N. Petroni and M. Hicks},
 TITLE = "{Automated Detection of Persistent Kernel Control-Flow Attacks}",
 BOOKTITLE = {Proc. {ACM} Conference on Computer and Communications Security},
 MONTH = "October",
 PAGES = {103--115},
 YEAR = 2007
}

@inproceedings{non-control:usenix:05,
  author = "S. Chen and J. Xu and E. C. Sezer and P. Gauriar and R. K. Iyer",
  title = "{Non-control-data Attacks Are Realistic Threats}",
  booktitle = "Proc. USENIX Security Symposium",
  month = "August",
  year = 2005
}

@inproceedings{shadows:oakland:07,
  author = "A. Baliga and P. Kamat and L. Iftode",
  title = "{Lurking in the Shadows: Identifying Systemic Threats to Kernel
  Data}",
  booktitle = "Proc. IEEE Symposium on Security and Privacy",
  month = "May",
  year = 2007
}

@inproceedings{gibraltar:acsac:2008,
  author = "A. Baliga and V. Ganapathy and L. Iftode",
  title = "{Automatic Inference and Enforcement of Kernel Data Structre
  Invariants}",
  booktitle = "Proc. Annual Computer Security Applications Conference",
  month = "December",
  year = 2008
}

@article{gibraltar:tdsc,
	author = "A. Baliga and V. Ganapathy and L. Iftode",
	title = "Detecting Kernel-level Rootkits using Data Structure Invariants",
	journal = "IEEE Transactions on Dependable and Secure Computing",
	volume = 8,
	number = 4,
	month = "July/August",
	year = 2011
}

@inproceedings{nozzle:security:2009,
  author = "Paruj Ratanaworabhan and Benjamin Livshits and Benjamin Zorn",
  title = "{Nozzle: A Defense Against Heap-spraying Code Injection Attacks}",
  booktitle = "{Proc. 18th USENIX Security Symposium}",
  month = aug,
  year = 2009
}

@inproceedings{Klein09,
  author = "G. Klein and K. Elphinstone and G. Heiser and J. Andronick and D. Cock and P. Derrin and D. Elkaduwe and K. Engelhardt and R. Kolanski and M. Norrish and T. Sewell and H. Tuch and S. Winwood",
  title = "{seL4: Formal Verification of an OS Kernel}",
  booktitle = "{Proc. 22nd ACM Symposium on Operating Systems Principles}",
  month = Oct,
  year = 2009
}

@inproceedings{Seshadri07,
  author = "A. Seshadri and M. Luk and N. Qu and A. Perrig",
  title = "{SecVisor: A Tiny Hypervisor to Provide Lifetime Kernel Code Integrity for Commodity OSes}",
  booktitle = "{Proc. 21st ACM Symposium on Operating Systems Principles}",
  month = nov,
  year = 2007
}

@inproceedings{Seshadri05,
  author = "Arvind Seshadri and Mark Luk and Elaine Shi and Adrian Perrig and Leendert van Doorn and Pradeep Khosla",
  title = "{Pioneer: Verifying Code Integrity and Enforcing Untampered Code Execution on Legacy Systems}",
  booktitle = "{Proc. 20th ACM Symposium on Operating Systems Principles}",
  month = oct,
  year = 2005
}

@inproceedings{Racic06,
  author = "{R. Racic and D. Ma and H. Chen}",
  title = "{Exploiting MMS Vulnerabilities to Stealthily Exhaust Mobile Phoneâ€™s Battery}",
  booktitle = "{Proc. 2nd Conference on Security and Privacy in Communication Network}",
  month = aug,
  year = 2006
}

@inproceedings{Chun09,
  author = "{B. Chun and P. Maniatis}",
  title = "{Augmented Smartphone Applications Through Clone Cloud Execution}",
  booktitle = "{Proc. 12th Workshop on Hot Topic in Operating Systems}",
  month = may,
  year = 2009
}

@inproceedings{Cuervo10,
  author = "{E. Cuervo and A. Balasubramanian and D. Cho and A. Wolman and S. Saroiu and R. Chandra and P. Bahl}",
  title = "{MAUI: Making Smartphones Last Longer with Code Offload}",
  booktitle = "{Proc. 8th Conference onMobile Systems, Applications and Service}",
  month = jun,
  year = 2010
}

@inproceedings{patagonix:security:2008,
  author = "L. Litty and H. A. Lagar-Cavilla and D. Lie",
  title = "{Hypervisor Support for Identifying Covertly Executing Binaries}",
  booktitle = "{Proc. 17th USENIX Security Symposium}",
  month = aug,
  year = 2008
}

@inproceedings{copilot:security:2004,
  author    = "N. L. Petroni Jr. and
               T. Fraser and
               J. Molina and
               W. A. Arbaugh",
  title     = "{Copilot - a Coprocessor-based Kernel Runtime Integrity Monitor}",
  booktitle = "Proc. USENIX Security Symposium",
  year      = "2004",
}

@inproceedings{zhang:sigops:2002,
  author = "X. Zhang and L. van Doorn and T. Jaeger and R. Perez and R. Sailer",
  title = "{Secure Coprocessor-based Intrusion Detection}",
  booktitle = "Proc. 10th workshop on ACM SIGOPS European workshop: beyond the PC",
  year = "2002",
}

@inproceedings{vmi:ndss:2003,
  author = "T. Garfinkel and M. Rosenblum",
  title = "{A Virtual Machine Introspection Based Architecture for Intrusion Detection}",
  booktitle = "Proc. Network and Distributed Systems Security Symposium",
  year = "2003",
}

@inproceedings{xen:sosp:2003,
  author = "P. Barham and B. Dragovic and K. Fraser and S. Hand and T. Harris and A. Ho and R. Neugebauer and I. Pratt and A. Warfield",
  title = "{Xen and the Art of Virtualization}",
  booktitle = "In Proc. 19th ACM Symposium on Operating Systems Principles",
  year = "2003",
 }

@inproceedings{daikon:2006,
  author = "M. Ernst and J. Perkins and P. Guo and S. McCamant and C. Pacheco and M. Tschantz and C. Xiao",
  title = "{The Daikon System for Dynamic Detection of Likely Invariants}",
  booktitle = "Science of Computer Programming",
  year = "2006",
}

@misc{SmartHome,
  author = "{ABC News}",
  title = "{Use Your Cell to Monitor Your Smart Home}",
  howpublished = "\url{http://abcnews.go.com/Technology/video/monitor-home-cell-phone-9887403}",
}

@misc{ISIS,
  author = "{AT\&T}",
  title = "{AT\&T, T-Mobile and Verizon Wireless Announce Joint Venture to Build National Mobile Commerce Network}",
  howpublished = "\url{http://www.att.com/gen/press-room?pid=18767&cdvn=news&newsarticleid=31369&mapcode=corporate|financial}",
}

@misc{TCG,
  author = "{Trusted Computing Group}",
  title = "{Mobile Trusted Computing Platform}",
  howpublished = "\url{http://www.trustedcomputinggroup.org/developers/mobile}",
}

@misc{Hypponen07,
  author = "{Mikko Hypponen}",
  title = "{State of Cellphone Malware in 2007}",
  howpublished = "\url{www.usenix.org/events/sec07/tech/hypponen.pdf}",
}

@misc{creditscheduler,
  author = "{Xen Wiki}",
  title = "{Xen Credit-based CPU Scheduler}",
  howpublished = "\url{wiki.xensource.com/xenwiki/CreditScheduler}",
}

@misc{adore,
  author = "{LWN.net}",
  title = "{A New Adore Root Kit}",
  howpublished = "\url{lwn.net/Articles/75990/}",
}

@misc{mitmo,
  author = "{S21sec}",
  title = "{Zeus Mitmo: Main-in-the-Mobile}",
  howpublished = "\url{securityblog.s21sec.com/2010/09/zeus-mitmo-man-in-mobile-i.html}",
}

@misc{symantec,
  author = "{Symantec}",
  title = "{Windows Rootkit Overview}",
  howpublished = "\url{www.symantec.com/avcenter/reference/windows.rootkit.overview.pdf}",
}

@misc{vmwaremobile,
  title="{VMware Mobile Virtualization Platform}",
  howpublished="\url{www.vmware.com/technology/mobile/}",
}

@misc{okl4microvisor,
  title = "{OKl4} Microvisor",
  howpublished = "\url{http://www.ok-labs.com/products/okl4-microvisor}",
}

@misc{vlivs5,
  title = "{Viliv S5 Real Pocket PC}",
  howpublished = "\url{http://www.myviliv.com/v4/product/s5/s5.asp}",
}

@misc{centosrepo,
  title = "CentOS 5.5 Repository",
  howpublished = "\url{http://mirror.centos.org/centos-5/5.5/os/i386/CentOS/}",
}

@misc{sqlite,
  title = "SQLite",
  howpublished = "\url{http://www.sqlite.org/}",
}

@misc{netperf,
 title = "Netperf",
 howpublished = "\url{http://www.netperf.org/netperf/}",
}

@misc{avertrep1,
  title = "{Rootkits, Part 1 of 3: A Growing Threat}",
  note = "MacAfee {AVERT} Labs Whitepaper",
  Howpublished = {\url{http://download.nai.com/Products/mcafee-avert/whitepapers/akapoor_rootkits1.pdf}},
  month = Apr,
  year = 2006
}

@misc{avertrep2,
  title = "2010 Threat Predictions",
  note = "MacAfee {AVERT} Labs Whitepaper",
  Howpublished = {\url{http://www.mcafee.com/us/resources/reports/rp-threat-predictions-2010.pdf}},
  month = "December",
  year = 2009
}

@misc{android-rootkit,
  author = "N. Percoco and C. Papathanasiou",
  title = "{This Is Not the Droid You're Looking For...}",
  Howpublished = {\url{http://www.defcon.org/images/defcon-18/dc-18-presentations/Trustwave-Spiderlabs/DEFCON-18-Trustwave-Spiderlabs-Android-Rootkit-WP.pdf}},
  booktitle = "Defcon-18 Conference",
  month = "July",
  year = 2010,
}

@misc{iphone-rootkit,
  booktitle = "ToorCon: San Diego's hacker conference",
  author = "E. Monti",
  Howpublished = {\url{http://sandiego.toorcon.org/index.php?option=com_content&task=view&id=48&Itemid=9}},
  title = "{iPhone Rootkit? There's an App for That}",
  month = "October",
  year = 2010
}

@inproceedings{Kim08,
 author = "H. Kim and J. Smith and K. G. Shin",
 title = "{Detecting Energy-greedy Anomalies and Mobile Malware Variants}",
 booktitle = "{Proc. 6th Conference on Mobile Systems, Applications and Services}",
 year = {2008},
} 

@inproceedings{Bose08,
 author = "A. Bose and X. Hu and K. G. Shin and T. Park",
 title = "{Behavioral Detection of Malware on Mobile Handsets}",
 booktitle = "{Proc. 6th Mobisys}",
 year = {2007},
}

@inproceedings{nickle,
 author = "R. Riley and X. Jiang and D. Xu",
 title = "{Guest-Transparent Prevention of Kernel Rootkits with VMM-based
Memory Shadowing}",
 booktitle = "{Proc. 11th Symposium on Recent Advances in Intrusion Detection}",
 month = "September",
 year = {2008},
}

@inproceedings{Grace10,
 author = "M. Grace and Z. Wang and D. Srinivasan and J. Li and X. Jiang and
Z. Liang and S. Liakh",
 title = "{Transparent Protection of Commodity OS Kernels Using Hardware
Virtualization}",
 booktitle = "{Proc. 6th Conference on Security and Privacy in Communication
Networks}",
 year = {2010},
}

@article{Oorschot05,
 author = {P.C. van Oorschot and A. Somayaji  and G. Wurster},
 title = {Hardware-Assisted Circumvention of Self-Hashing Software Tamper Resistance},
 journal = {IEEE Transactions on Dependable and Secure Computting},
 volume = {2},
 issue = {2},
 month = {April},
 year = {2005},
 pages = {82--92},
} 

@inproceedings{OSck,
 author = {O. S. Hofmann and A. M. Dunn and S. Kim  and I. Roy and E. Witchel},
 title = {Ensuring Operating System Kernel Integrity with OSck},
 booktitle = {Proc. 16th Conference on Architectural Support for Programming
Languages and Operating Systems},
	month = "March",
 year = {2011}
} 

@inproceedings{flicker,
	author = "J. McCune and B. Parno and A. Perrig and M. Reiter and H. Isozaki",
	title = "Flicker: An Execution Infrastructure for {TCB} Minimization",
	booktitle = "Proc. European Conference on Computer Systems",
	month = "April",
	year = 2008
}

@inproceedings{Barrera10,
 author = "D. Barrera and H. G. Kayacik and P. van Oorschot and A. Somayaji",
 title = {A Methodology for Empirical Analysis of Permission-based Security Models and its Application to Android},
 booktitle = "{Proc. ACM conference on Computer and Communications Security (CCS)}",
 year = {2010},
} 

@inproceedings{paranoidandroid,
 author = "G. Portokalidisi and P. Homburg and K. Anagnostakis and H. Bos",
 title = "{Paranoid Android: Versatile Protection For Smartphones}",
 booktitle = {Proc. 26th Annual Computer Security Applications Conference},
 year = {2010},
}

@inproceedings{taintdroid,
	author = "W. Enck and P. Gilbert and B. Chun and L. P. Cox and J. Jung, P. McDaniel and A. N. Sheth",
	title = "TaintDroid: An Information-Flow Tracking System for Realtime Privacy
	Monitoring on Smartphones",
	booktitle = "Proc. USENIX Symposium on Operating System Design and
	Implementation",
	month = "October",
	year = 2010
}

@note{scandroid,
	author = "A. P. Fuchs and A. Chaudhuri and J. S. Foster",
  title = "{SCanDroid: Automated Security Certification of Android Applications}",
	note = "Manuscript, Univ. of Maryland, 
	\url{http://www.cs.umd.edu/~avik/projects/scandroidascaa}" 
}

@inproceedings{kirin,
 author = "W. Enck and M. Ongtang and P. McDaniel",
 title = "{On Lightweight Mobile Phone Application Certification}",
 booktitle = {Proc. ACM conference on Computer and Communications Security (CCS)},
 year = {2009},
} 

@inproceedings{smartsiren,
 author = "J. Cheng and S. H. Y. Wong and H. Yang and S. Lu",
 title = "{SmartSiren: Virus Detection and Alert for Smartphones}",
 booktitle = "{Proc. 5th Conference onMobile Systems, Applications and Services (MobiSys)}",
 year = {2007},
} 
