@ARTICLE{bugtraq,
	TITLE = "{\tt bugtraq}",
	NOTE = "{\small {\tt www.securityfocus.com}}"
}

@ARTICLE{CERT,
	TITLE = "{CERT/CC} Advisories",
	NOTE = "{\small {\tt www.cert.org/advisories}}"
}

@ARTICLE{SANS,
	TITLE = "The Twenty Most Critical Internet Security Vulnerabilities",
	NOTE = "{\small {\tt www.sans.org/top20}}"
}

@ARTICLE{aleph-one,
	TITLE = "Aleph-One. {S}mashing the stack for fun and profit",
  NOTE = "Phrack Magazine",
	MONTH = "Nov",
  Year = 1996
}

@BOOK{ahuja,
  AUTHOR = "R. K. Ahuja and T. L. Magnanti and J. B. Orlin",
  TITLE = "Network Flows: Theory, Algorithms and Applications",
  PUBLISHER = "Prentice Hall",
  YEAR = "1993"  
}

@PhdThesis{Andersen:94:PhD,
  SEMNO =  "D-203",
  AUTHOR = "L. O. Andersen",
  TITLE = "Program Analysis and Specialization for the {C} Programming Language",
  SCHOOL = "DIKU, Univ. of Copenhagen",
  YEAR =   "1994",
  NOTE =   "(DIKU report 94/19)"
}

@ARTICLE{AndersonPresolvingMP95,
  AUTHOR = "E. D. Anderson and K. D. Anderson",
  TITLE = "Presolving in Linear Programming",
  JOURNAL = "Mathematical Prog.",
  VOLUME = 71,
  NUMBER = 2,
  PAGES = "221--245",
  YEAR = 1995 
}

@INPROCEEDINGS{AustinSafeCPLDI94,
  AUTHOR = "T. M. Austin and S. E. Breach and G. S. Sohi",
  TITLE = "Efficient Detection of All Pointer and Array Access Errors",
  BOOKTITLE = "ACM Conf. on Prog. Lang. Design and Impl. (PLDI)",
  YEAR = "1994" 
}

@INPROCEEDINGS{BodikABCDPLDI00,
  TITLE = "{ABCD}: Eliminating Array-Bounds Checks on Demand",
  AUTHOR = "R. Bodik and R. Gupta and V. Sarkar",
  BOOKTITLE = "ACM Conf. on Prog. Lang. Design and Impl. (PLDI)",
  YEAR = "2000" 
}

@ARTICLE{ChinnekIISORSA91,
  AUTHOR = "J. W. Chinnek and E. W. Dravinieks",
  TITLE = "Locating Minimal Infeasible Constraint Sets in Linear Programs",
  JOURNAL = "ORSA Journal on Computing",
  VOLUME = 3,
  NUMBER = 2,
  PAGES = "157--168",
  YEAR = 1991  
}

@INPROCEEDINGS{ChiuehRADICDCS01,
  AUTHOR = "T-C. Chiueh and F-H. Hsu",
  TITLE = "{RAD}: A Compile-time solution to Buffer overflow Attacks",
  BOOKTITLE = "21$^{st}$ Intl. Conf. on Distr. Computing Systems (ICDCS)",
  YEAR = "2001" 
}

@INPROCEEDINGS{ConditCCuredPLDI03,
  TITLE = "{CC}ured in the {R}eal {W}orld",
  AUTHOR = "J. Condit and M. Harren and S. McPeak and G. C. Necula and W. Weimer",
  BOOKTITLE = "ACM Conf. on Prog. Lang. Design and Impl. (PLDI)",
  YEAR = "2003" 
}

@BOOK{clr,
  AUTHOR = "T. H. Cormen and C. E. Lieserson and R. L. Rivest and C. Stein",
  TITLE = "Introduction to Algorithms",
  PUBLISHER = "MIT Press",
  YEAR = "2001"  
}

@INPROCEEDINGS{CowanStackguardSec98,
  AUTHOR = "C. Cowan and S. Beattie and R-F Day. and C. Pu and P. Wagle and E. Walthinsen",
  TITLE = "Automatic Detection and Prevention of Buffer overflow Attacks",
  BOOKTITLE = "7$^{th}$ USENIX Sec. Symp.",
  YEAR = "1998" 
}

@INPROCEEDINGS{CowanPointguardSec03,
  AUTHOR = "C. Cowan and S. Beattie and J. Johansen and P. Wagle",
  TITLE = "Point{G}uard$^{TM}$: {P}rotecting Pointers from Buffer Overflow Vulnerabilities",
  BOOKTITLE = "12$^{th}$ USENIX Sec. Symp.",
  YEAR = "2003" 
}

@ARTICLE{CytronSSATOPLAS91,
  AUTHOR = "R. Cytron and J. Ferrante and B. K. Rosen and M. N. Wegman and F.
	K. Zadeck",
  TITLE = "Efficiently Computing Static Single Assignment Form and the Control
	Dependence Graph",
  JOURNAL = "ACM Trans. on Prog. Lang. and Systems (TOPLAS)",
	VOLUME = "13",
  NUMBER = "4",
  PAGES = "452--490",
  YEAR = 1991  
}

@ARTICLE{DantzigFourierMotzkin73,
  AUTHOR = "G. B. Dantzig and B. Curtis Eaves",
  TITLE = "Fourier-{M}otzkin Elimination and its Dual",
  JOURNAL = "Journal of Combinatorial Theory (A)",
	VOLUME = "14",
  PAGES = "288--297",
  YEAR = "1973"  
}

@INPROCEEDINGS{DorCSSVPLDI03,
  AUTHOR = "N. Dor and M. Rodeh and M. Sagiv",
  TITLE = "{CSSV}: Towards a Realistic Tool for Statically Detecting All Buffer overflows
  in {C}",
  BOOKTITLE = "ACM Conf. on Prog. Lang. Design and Impl. (PLDI)",
  YEAR = 2003
}

@ARTICLE{EtohProtecting00,
	AUTHOR = "H. Etoh and K. Yoda",
	TITLE = "Protecting from stack-smashing attacks",
	NOTE = "{\scriptsize {\tt www.trl.ibm.com/projects/security/ssp/main.html}}",
	YEAR = 2000
}

@INPROCEEDINGS{GanapathyTR1488,
  AUTHOR = "V. Ganapathy and S. Jha and D. Chandler and D. Melski and D. Vitek",
  TITLE = "Buffer Overrun Detection using Linear Programming and Static Analysis",
  NOTE = "Available as UW-Madison Comp. Sci. Tech. Report-1488",
  YEAR = "2003" 
}

@ARTICLE{HorwitzSlicingTOPLAS90,
  AUTHOR = "S. Horwitz and T. Reps and D. Binkley",
  TITLE = "Interprocedural Slicing using Dependence Graphs",
  JOURNAL = "ACM Transactions on Prog. Lang.s and Systems (TOPLAS)",
	VOLUME = 12,
  NUMBER = 1,
  PAGES = "26--60",
  YEAR = "1990"  
}

@INPROCEEDINGS{HorwitzSlicingFSE94,
  AUTHOR = "S. Horwitz and T. Reps and M. Sagiv and G. Rosay",
  TITLE = "Speeding up Slicing",
  BOOKTITLE = "2$^{nd}$ ACM Symp. on Foundations of Soft. Engg. (FSE)",
  ADDRESS = "New York",
  Pages= "11--20",
  Year = 1994
}

@ARTICLE{wuftpd,
  AUTHOR = "K. Landfield",
	TITLE="{\tt WU-FTPD} resource center; Personal Communication",
  MONTH= "May",
  Year = 2003
}

@INPROCEEDINGS{LarochelleLCLINTSec01,
  AUTHOR = "D. Larochelle and D. Evans",
  TITLE = "Statically Detecting Likely Buffer overflow Vulnerabilities",
  BOOKTITLE = "10$^{th}$ USENIX Sec. Symp.",
  YEAR = 2001
}

@INPROCEEDINGS{LarsonSec03,
  AUTHOR = "E. Larson and T. Austin",
  TITLE = "High Coverage Detection of Input Related Security Faults",
  BOOKTITLE = "12$^{th}$ USENIX Sec. Symp.",
  YEAR = 2003
}

@INPROCEEDINGS{NeculaCCuredPOPL02,
  TITLE = "{CC}ured: type-safe retrofitting of legacy code",
  AUTHOR = "G. C. Necula and S. McPeak and W. Weimer",
  BOOKTITLE = "ACM Conf. on the Principles of Prog. Lang. (POPL)",
  YEAR = "2002" 
}

@ARTICLE{sendmail_8_11_6,
  TITLE = "Technical Analysis of remote sendmail vulnerability on {\tt bugtraq}",
  NOTE = "{\small {\tt www.securityfocus.com/archive/1/313757}}",
  MONTH = "4$^{th}$ March",
  YEAR = "2003"  
}

@Manual{cplex,
  AUTHOR = "{CPLEX} Optimizer",
  NOTE = "{\small {\tt www.cplex.com/}}"
}

@INPROCEEDINGS{RepsChoppingFSE95,
  AUTHOR = "T. Reps and G. Rosay",
  TITLE = "Precise Interprocedural Chopping",
  BOOKTITLE = "3$^{rd}$ ACM Symp. on the Foundations of Soft. Engg. (FSE)",
  VOLUME = 20,
  NUMBER = 4,
  PAGES = "41--52",
  YEAR = 1995
}

@INPROCEEDINGS{RuginaSymbolicPLDI00,
  AUTHOR = "R. Rugina and M. C. Rinard",
  TITLE = "Symbolic Bounds Analysis of Pointers, Array Indices and Accessed
            Memory Regions",
  BOOKTITLE = "ACM Conf. on Prog. Lang. Design and Impl. (PLDI)",
  YEAR = "2000" 
}

@BOOK{schrijver,
  AUTHOR = "A. Schrijver",
  TITLE = "Theory of Linear and Integer Programming",
  PUBLISHER = "Wiley",
  ADDRESS = "N.Y.",
  YEAR = "1986"  
}

@BOOK{SharirPnueliDataFlow81,
  AUTHOR = "M. Sharir and A. Pnueli",
  TITLE = "Two Approaches to Interprocedural Dataflow Analysis",
  BOOKTITLE = "Program Flow Analysis: Theory and Applications; S. Muchnick and N. Jones, editors",
  PUBLISHER = "Prentice Hall Inc.",
  YEAR = "1981" 
}

@PhdThesis{Wagner:00:Phd,
  AUTHOR = "D. Wagner",
  TITLE = "Static Analysis and Computer Security: New techniques for software
  assurance",
  SCHOOL = "UC Berkeley",
  MONTH = "Dec",
  YEAR = "2000"
}

@INPROCEEDINGS{WagnerFirstNDSS00,
  AUTHOR = "D. Wagner and J. S. Foster and E. A. Brewer and A. Aiken",
  TITLE = "A First Step Towards Automated Detection of Buffer Overrun Vulnerabilities",
  BOOKTITLE = "Network and Distributed System Security (NDSS)",
  YEAR = 2000 
}

@BOOK{interior-point,
  AUTHOR = "S. J. Wright",
  TITLE = "Primal-Dual Interior-Point Methods",
  PUBLISHER = "SIAM, Philadelphia",
  YEAR = "1997"  
}

@PhdThesis{Soplex,
  AUTHOR = "R. Wunderling",
  TITLE = "Paralleler und Objektorientierter Simplex-Algorithmus",
  SCHOOL = "Konrad-Zuse-Zentrum fur Informationstechnik Berlin",
  YEAR =   "TR 1996-09",
  NOTE =   "{\small {\tt www.zib.de/PaperWeb/abstracts/TR-96-09/}}"
}

@INPROCEEDINGS{XiDepTypePLDI98,
  AUTHOR = "H. Xi and F. Pfenning",
  TITLE = "Eliminating array bounds checks through dependent types",
  BOOKTITLE = "ACM Conf. on Prog. Lang. Design and Impl. (PLDI)",
  YEAR = "1998" 
}

@INPROCEEDINGS{XieArcherFSE03,
  AUTHOR = "Y. Xie and A. Chou and D. Engler",
  TITLE = "{ARCHER}: Using Symbolic, Path-sensitive Analysis to Detect Memory
	Access Errors",
  BOOKTITLE = "9$^{th}$ European Soft. Engg. Conf. and 11$^{th}$ ACM Symp. on 
	Foundation of Soft. Engg. (ESEC/FSE)",
  YEAR = "2003" 
}

@INPROCEEDINGS{YongPointerPLDI99,
  AUTHOR = "S. Yong and S. Horwitz and T. Reps",
  TITLE = "Pointer Analysis for programs with structures and casting",
  BOOKTITLE = "ACM Conf. on Prog. Lang. Design and Impl. (PLDI)",
  YEAR = "1999" 
}
