@inproceedings{bc07,
  author = "M. Becchi and P. Crowley",
  title = "An Improved Algorithm to Accelerate Regular Expression Evaluation",
  booktitle = "Intl. Conf. on Applied Cryptography and Network Security",
  month = "October",
  year = 2007
}

@inproceedings{bc08,
  author = "M. Becchi and P. Crowley",
  title = "Efficient Regular Expression Evaluation: {Theory} to Practice",
  booktitle = "Intl. Conf. on Applied Cryptography and Network
  Security",
  month = "October",
  year = 2008
}

@misc{cudd,
  title = "{CUDD}: {CU} Decision Diagram Package, Release 2.4.2",
  author = "F. Somenzi",
  note = "Department of Electrical, Computer, and Energy Engineering,
  University of Colorado at Boulder. 
  \url{http://vlsi.colorado.edu/$\sim$fabio/CUDD}"
}

@inproceedings{xfa:oakland:2008,
  author = "R. Smith and C. Estan and S. Jha",
  title = "{XFA}: Faster Signature Matching with Extended Automata",
  booktitle = "IEEE Symp. on Security and Privacy",
  month = "May",
  year = 2008
}

@inproceedings{xfa:sigcomm:2008,
  author = "R. Smith and C. Estan and S. Jha and S. Kong",
  title = "Deflating the {Big} {Bang}: {Fast} and Scalable Deep Packet Inspection
  with Extended Finite Automata",
  booktitle = "ACM SIGCOMM",
  month = "August",
  year = 2008
}

@book{hmu07,
  author = "J. E. Hopcroft and R. Motwani and J. D. Ullman",
  title = "Introduction to Automata Theory, Languages, and Computation, Third
  Edition",
  publisher = "Addison-Wesley",
  year = 2007
}

@inproceedings{bcm+90,
  author = "J. R. Burch and E. M. Clarke and K. L. McMillan and D. L. Dill and
  J. Hwang",
  title = "Symbolic model checking: 10$^{20}$ states and beyond",
  booktitle = "IEEE Symp. on Logic in Computer Science",
  month = "June",
  year = 1990
}

@article{b86,
  author = "R. E. Bryant",
  title = "Graph-based Algorithms for {Boolean} Function Manipulation",
  journal = "IEEE Trans. on Computers",
  volume = 35,
  number = 8,
  pages = "677--691",
  year = 1986
}

@article{fu82,
  author = "R. W. Floyd and J. D. Ullman",
  title = "The Compilation of Regular Expressions into Integrated Circuits",
  journal = "Jour. of the ACM",
  volume = 29,
  number = 3,
  month = "July",
  year = 1982
}

@inproceedings{sh01,
  author = "R. Sinnappan and S. Hazelhurst",
  title = "A Reconfigurable Approach to Packet Filtering",
  booktitle = "Intl. Conf. on Field Prog. Logic and Appl.",
  month = "August",
  year = 2001
}

@techreport{hfh98,
  author = "S. Hazelhurst and A. Fatti and A. Henwood",
  title = "Binary Decision Diagram Representations of Firewall and Router
  Access Lists",
  institution = "University of Witwatersrand, Johannesburg, South Africa",
  year = 1998
}

@inproceedings{yl05,
  author = "S. Yusuf and W. Luk",
  title = "Bitwise Optimized {CAM} for Network Intrusion Detection Systems",
  booktitle = "Int. Conf. on Field Prog. Logic and Appl.",
  month = "August",
  year = 2005
}

@article{cf04,
  author = "M. Christiansen and E. Fleury",
  title = "An {MTIDD} Based Firewall",
  journal = "Telecommunication Systems",
  volume = 27,
  number = "2--4",
  month = "October",
  year = 2004
}

@inproceedings{yuan:firewall:oakland06,
  author = "L. Yuan and J. Mai and Z. Su and H. Chen and
  C. Chuah and P. Mohapatra",
  title = "{FIREMAN}: {A} Toolkit for FIREWall Modeling and Analysis",
  booktitle = "IEEE Symp. on Security and Privacy",
  month = "May",
  year = 2006
}

@inproceedings{gl04,
  author = "M. G. Gouda and X. Liu",
  title = "Firewall design: {Consistency}, Completeness and Compactness",
  booktitle = "Intl. Conf. on Distributed Computing Systems",
  month = "Mar",
  year = 2004
}

@article{gh05,
  author = "J. D. Guttman and A. L. Herzog",
  title = "Rigorous Automated Network Security management",
  journal = "Intl. Jour. of Information Security",
  volume = 4,
  number = "1--2",
  year = 2004
}

@misc{tippingpoint,
  title = "TippingPoint",
  note = "\url{http://www.tippingpoint.com}"
}

@misc{tarari,
  title = "{LSI} {Tarari} {RegEx} Content Processor",
  note = "\url{http://www.tarari.com}"
}

@misc{cisco,
  title = "Cisco {IOS} {terminal} services configuration guide, Release 12.2",
  note = "\url{http://tinyurl.com/2eouvq}"
}

@inproceedings{nfa-fpga-HFC,
  author = {Hutchings, B. L. and Franklin, R. and Carver, D.},
  title = {Assisting Network Intrusion Detection with Reconfigurable Hardware},
  booktitle = {Annual IEEE Symp. on
  Field-Programmable Custom Computing Machines},
  year = {2002},
}


@inproceedings{nfa-fpga-MNB,
  author = {A. Mitra and W. Najjar and L. Bhuyan},
  title = {Compiling {PCRE} to {FPGA} for accelerating {Snort} {IDS}},
  booktitle = {ACM/IEEE Symp. on
  Arch. for Networking and Comm. Systems},
  year = {2007},
}

@inproceedings{gnort:raid:2008,
  author = "G. Vasiliadis and S. Antonatos and M. Polychronakis and E. P.
  Markatos and S. Ioannidis",
  title = "{Gnort}: {High} Performance Network Intrusion Detection using
  Graphics Processors",
  booktitle = "Recent Advances in Intrusion Detection",
  month = "April",
  year = 2008
}

@inproceedings{zdd,
	author = "S. I. Minato",
	title = "Zero-suppressed {BDDs} for set manipulation in combinatorial
	problems",
	booktitle = "Design Automation Conf.",
	month = "June",
	year = 1993
}
