
@inproceedings{transcript,
author = {Mohan Dhawan and Chungchieh Shan and Vinod Ganapathy},
title = {Enhancing {JavaScript} with Transactions},
booktitle = {ECOOP},
year = {2012},
}

@inproceedings{jam,
author = {Matthew Fredrikson and Richard Joiner and Somesh Jha and Thomas Reps and Phillip Porras and Hassen Sa\"idi and Vinod Yegneswaran},
title = {Efficient Runtime Policy Enforcement Using Counterexample-Guided Abstraction Refinement},
booktitle = {CAV},
year = {2012},
}

@inproceedings{txbox,
  title={{TxBox}: Building secure, efficient sandboxes with system transactions},
  author={Jana, Suman and Porter, Donald E and Shmatikov, Vitaly},
  booktitle={Security and Privacy (SP), 2011 IEEE Symposium on},
  year={2011},
  organization={IEEE}
}

@inproceedings{capweave,
author = {William Harris and Somesh Jha and Thomas Reps},
title = {Secure Programming Via Visibly Pushdown Safety Games},
booktitle = {CAV},
year = {2012},
}

@inproceedings{access,
author = {Gregor Richards and Christian Hammer and Francesco Zappa Nardellia and Suresh Jagannathan and Jan Vitek},
title = {Flexible Access Control for {JavaScript}},
booktitle = {OOPSLA},
year = {2013},
}

@inproceedings{synch,
author = {Martin Vechev and Eran Yahav and Greta Yorsh},
title = {Abstraction-Guided Synthesis of Synchronization},
booktitle = {STTT},
year = {2013},
}

@inproceedings{tdop,
author = {Vaughan Pratt},
title = {Top Down Operator Precedence},
booktitle = {POPL},
year = {1973},
}

@inproceedings{taejs,
author = {Myoungkyu Song and Eli Tilevich},
title = {{TAE-JS}: Automated Enhancement of {JavaScript} Programs by Leveraging the {Java} Annotations Framework},
booktitle = {PPPJ},
year = {2013},
}

@inproceedings{tmi,
author = {Arnar Birgnisson and Mohan Dhawan and Ulfar Erlingsson and Vinod Ganapathy and Liviu Iftode},
title = {Enforcing Authorization Policies Using Transactional Memory Introspection},
booktitle = {CCS},
year = {2008},
}

@article{specifying,
author = {Simon Doherty and Lindsay Groves and Victor Luchangco and Mark Moir},
title = {Towards Formally Specifying and Verifying Transactional Memory},
journal = {ENTCS},
number = {259},
year = {2009},
pages = {245--261},
}

@inproceedings{stem,
  title={From {STEM} to {SEAD}: Speculative Execution for Automated Defense.},
  author={Locasto, Michael E and Stavrou, Angelos and Cretu, Gabriela F and Keromytis, Angelos D},
  booktitle={USENIX Annual Technical Conference},
  year={2007}
}

@misc{worker,
author = {WHATWG},
title = {Web Workers {HTML} Standard},
howpublished = {\url{http://www.whatwg.org/specs/web-apps/current-work/} \url{multipage/workers.html}},
year = {2013},
}

@article{Bie13,
  title={Survey on {JavaScript} security policies and their enforcement mechanisms in a web browser},
  author={Bielova, Nataliia},
  journal={J.\ Logic and Alg.\ Prog.},
  year={2013},
  publisher={Elsevier}
}

@inproceedings{Ric10,
  title={An analysis of the dynamic behavior of {JavaScript} programs},
  author={Richards, Gregor and Lebresne, Sylvain and Burg, Brian and Vitek, Jan},
  booktitle={PLDI},
  year={2010}
}

@misc{hybrid,
author = {Mark Moir},
title = {Advanced Topics in Programming Languages: Transactional Memory at Sun},
howpublished = {\url{http://www.youtube.com/watch?v=ZR_C3Xdk-9A}},
year = {2007},
}

@article{toy,
author = {C\u{a}lin Ca\c{s}caval and Colin Blundell and Maged Michael and Harold W. Cain and Peng Wu and Stefanie Chiras and Siddhartha Chatterjee},
title = {Software Transactional Memory: Why Is It Only a Research Toy?},
journal = {ACM Queue},
year = {2008},
month = {September},
volume = {6},
number = {5}
}

@misc{crock,
author = {Douglas Crockford},
title = {Top Down Operator Precedence},
howpublished = {\url{http://javascript.crockford.com/tdop/tdop.html}},
year = {2007},
}

@inproceedings{semantics,
  author    = {Sergio Maffeis and John C. Mitchell and Ankur Taly},
  title     = {An Operational Semantics for {JavaScript}},
  booktitle = {APLAS},
  year      = {2008},
}

@Article{Lan92,
  Author   = {William Landi},
  Title    = "Undecidability of Static Analysis",
  Journal  = {LOPLAS},
  Volume   = 1,
  Number   = 4,
  Year     = 1992
}

@inproceedings{Yu07,
 author = {Dachuan Yu and Ajay Chander and Nayeem Islam and Igor Serikov},
 title = {{JavaScript} Instrumentation for Browser Security},
 booktitle = {POPL},
 year = {2007},
}

@article{Sch00,
 author = {Fred B. Schneider},
 title = {Enforceable security policies},
 journal = {TISSEC},
 volume = {3},
 number = {1},
 year = {2000}
}

@misc{Yan09,
  author    = {Fei Yan and Philip W. L. Fong},
  title     = {Secure Optimization of Inlined Reference Monitors},
  year      = {2009},
}

@PhdThesis{Thesis:Erlingsson04,
  author = "U. Erlingsson",
  title  = "The Inlined Reference Monitor Approach to Security Policy Enforcement",
  school = "C.S.\ Dept, Cornell Univ.",
  year   = 2004,
  month  = jan
}

@techreport{Erl03,
 author = {\'{U}lfar Erlingsson},
 title = {The Inlined Reference Monitoring Approach to Security Policy Enforcement},
 year = {2003},
 institution = {Cornell University}
}

@article{Wal00,
 title = {SAFKASI: A Security Mechanism for Language-Based Systems},
 author = {Dan S. Wallach and Andrew W. Appel and Edward W. Felten},
 journal = {ACM Transactions on Software Engineering and Methodology},
 volume = {9},
 number = {4},
 pages = {341--378},
 year = {2000},
 publisher = {ACM},
}

@inproceedings{conscript,
 author = {Leo A. Meyerovich and Benjamin Livshits},
 title = {{ConScript}: Specifying and Enforcing Fine-Grained Security Policies for {JavaScript} in the Browser},
 booktitle = {S\&P},
 year = {2010},
}

@inproceedings{Erl00,
 author = {\'{U}lfar Erlingsson and Fred B. Schneider},
 title = {{SASI} enforcement of security policies: a retrospective},
 booktitle = {NSPW},
 year = {2000},
}

@article{Che04,
author = {Brian Chess and Gary McGraw},
title = {Static Analysis for Security},
journal = {S\&P},
year = {2004}
}

@comment{inproceedings,
author = {},
title = {},
booktitle = {},
year = {},
}

@comment{article,
author = {},
title = {},
journal = {},
year = {},
volume = {},
number = {},
issn = {},
pages = {},
doi = {},
publisher = {},
address = {},
}

@comment{misc,
author = {},
title = {},
howpublished = {\url{}},
year = {},
}

