@INPROCEEDINGS{AlurJist04,
  AUTHOR = "R. Alur and P. Cerny and P. Madhusudan and W. Nam",
  TITLE = "Synthesis of Interface Specifications for {J}ava Classes",
  BOOKTITLE = "Proc. 32$^{nd}$ POPL",
  PUBLISHER = "ACM",
  YEAR = 2005
}

@INPROCEEDINGS{AmmonsMiningPOPL02,
  AUTHOR = "G. Ammons and R. Bodik and J. Larus",
  TITLE = "Mining Specifications",
  BOOKTITLE = "Proc. 29$^{th}$ POPL",
  PUBLISHER = "ACM",
  YEAR = 2002
}
  
@INPROCEEDINGS{BallSLAMPOPL02,
  AUTHOR = "T. Ball and S. K. Rajamani",
  TITLE = "The {SLAM} Project: Debugging System Software via Static Analysis",
  BOOKTITLE = "Proc. 29$^{th}$ POPL",
  PUBLISHER = "ACM",
  YEAR = 2002
} 

@INPROCEEDINGS{BeyerBlastICSE04,
  AUTHOR = "D. Beyer and A. J. Chipala and T. A. Henzinger and R. Jhala and R.
  Majumdar",
  TITLE = "Generating Tests from Counterexamples",
  BOOKTITLE = "Proc. 26$^{th}$ ICSE",
  PUBLISHER = "IEEE",
  YEAR = 2004,
}

@INPROCEEDINGS{BiereSymbolicTACAS99,
  AUTHOR = "A. Biere and A. Cimatti and E. M. Clarke and Y. Zhu",
  TITLE = "Symbolic Model Checking without {BDD}s",
  BOOKTITLE = "Proc. 5$^{th}$ TACAS",
  SERIES = "LNCS 1579",
  PUBLISHER = "Springer",
  YEAR = 1999
}

@ARTICLE{BondCKD00,
  AUTHOR = "M. Bond",
  TITLE = "A Chosen Key Difference Attack on Control Vectors",
  JOURNAL = "Manuscript",
  NOTE = "\url{http://www.cl.cam.ac.uk/$\sim$mkb23/research/CVDif.pdf}",
  MONTH = "November",
  YEAR = 2000
}

@INPROCEEDINGS{BoyapatiISSTA02,
  AUTHOR = "C. Boyapati and S. Khurshid and D. Marinov",
  TITLE = "Korat: {A}utomated testing based on {J}ava predicates",
  BOOKTITLE = "Proc. ISSTA",
  PUBLISHER = "ACM",
  YEAR = 2002
}

@INPROCEEDINGS{BryantModelingCAV02,
  AUTHOR = "R. E. Bryant and S. K. Lahiri and S. A. Seshia",
  TITLE = "Modeling and Verifying Systems using a Logic of Counter Arithmetic
  with Lambda Expressions and Uninterpreted Functions",
  BOOKTITLE = "Proc. 14$^{th}$ CAV",
  SERIES = "LNCS 2404",
  PUBLISHER = "Springer",
  YEAR = 2002,
}

@ARTICLE{BultanModelCheckingTOPLAS99,
  author = "T. Bultan and R. Gerber and W. Pugh",
  title = "Model-Checking Concurrent Systems with Unbounded Integer Variables: 
           Symbolic Representations, Approximations, and Experimental Results",
  journal = "ACM TOPLAS",
  volume = {21},
  number = {4},
  pages = {747--789},
  year = "1999",
}

@INPROCEEDINGS{ChenMOPSCCS02,
  AUTHOR = "H. Chen and D. Wagner",
  TITLE = "{MOPS}: {A}n Infrastructure for Examining Security Properties of
  Software",
  BOOKTITLE = "Proc. 9$^{th}$ CCS",
  PUBLISHER = "ACM",
  YEAR = 2002
}

@inproceedings{ClarkeCBMCTACAS04,
  AUTHOR = "E. M. Clarke and D. Kroening and F. Lerda",
  TITLE = "A Tool for Checking {ANSI-C} Programs",
  BOOKTITLE = "Proc. 10$^{th}$ TACAS",
  YEAR = "2004"
}

@INPROCEEDINGS{CorbettICSE00,
  AUTHOR = "J. C. Corbett and M. B. Dwyer and J. Hatcliff and S. Laubach and 
  C. S. P\u{a}s\u{a}reanu and Robby and H. Zheng",
  TITLE = "Bandera: {E}xtracting finite-state models from {J}ava source code",
  BOOKTITLE = "Proc. 22$^{nd}$ ICSE",
  PUBLISHER = "IEEE",
  YEAR = 2000
}


@INPROCEEDINGS{CowanSec01,
  AUTHOR = "C. Cowan and M. Barringer and S. Beattie and G. Kroah-Hartman and 
  M. Frantzen and J. Lokier",
  TITLE = "{FormatGuard}: {Automatic} Protection From {\tt printf} Format-String
  Vulnerabilities",
  BOOKTITLE = "Proc. 10$^{th}$ Security Symp.",
  PUBLISHER = "USENIX",
  YEAR = 2001
}

@INPROCEEDINGS{deAlfaroFSE2001,
  AUTHOR = "L. de Alfaro and T. A. Henzinger",
  TITLE = "Interface Automata",
  BOOKTITLE = "Proc. 8$^{th}$ ESEC and 9$^{th}$ FSE",
  PUBLISHER = "ACM",
  YEAR = 2001
}

@INPROCEEDINGS{demoura-cade02,
  AUTHOR = "L. de Moura and H. Rue{\ss} and M. Sorea",                                     
  TITLE = "Lazy Theorem Proving for Bounded Model Checking over Infinite Domains" ,   
  BOOKTITLE = "Proc. CADE",
  SERIES = "LNCS 2392",
  PUBLISHER = "Springer",
  YEAR = "2002",                                                                                        
}

@ARTICLE{DolevYao83,
  AUTHOR = "D. Dolev and A. Yao",
  TITLE = " On the security of public key protocols.",
  JOURNAL = "IEEE Transactions on Information Theory", 
  VOLUME = 29,
  NUMBER = 2,
  PAGES = "198--208", 
  YEAR = 1983
}



@INPROCEEDINGS{EnglerOSDI00,
  AUTHOR = "D. Engler and B. Chelf and A. Chou and S. Hallem",
  TITLE = "Checking System Rules Using System-Specific, Programmer-Written
  Compiler Extensions",
  BOOKTITLE = "Proc. 4$^{th}$ OSDI",
  PUBLISHER = "ACM/USENIX",
  YEAR = 2000
}

@INPROCEEDINGS{FerraioloRBAC92,
  AUTHOR = "D. F. Ferraiolo and D. R. Kuhn",
  TITLE = "Role Based Access Control", 
  BOOKTITLE = "15$^{th}$ National Computer Security Conference", 
  MONTH = "October",
  YEAR = 1992
}


@INPROCEEDINGS{FosterPLDI99,
  AUTHOR = "J. S. Foster and M. Fahndrich and A. Aiken",
  TITLE = "A Theory of Type Qualifiers",
  BOOKTITLE = "Proc. PLDI",
  PUBLISHER = "ACM",
  YEAR = 1999
}

@TECHREPORT{GanapathyTR1512,
  AUTHOR = "V. Ganapathy and S. A. Seshia and S. Jha and T. W. Reps and R. E. Bryant",
  TITLE = "Automatic Discovery of {API}-Level Vulnerabilities",
  INSTITUTION =  "CS Dept., Univ. of Wisconsin",
  NUMBER =    "1512",
  NOTE = "\url{http://www.cs.wisc.edu/wisa/papers/tr1512/tr1512.pdf}",
  YEAR =    "2004"
}

@INPROCEEDINGS{GrafCAV97,
  AUTHOR = "S. Graf and H. Saidi",
  TITLE = "Construction of abstract state graphs with {PVS}",
  BOOKTITLE = "Proc. 9$^{th}$ CAV",
  SERIES = "LNCS 1254",
  PUBLISHER = "Springer",
  YEAR = 1997
}

@ARTICLE{HarrisonProtectionCACM76,
  AUTHOR = "M. Harrison and W. Ruzzo and J. Ullmann",
  TITLE = "Protection in Operating Systems",
  JOURNAL = "Comm. ACM",
  VOLUME = 19,
  NUMBER = 8,
  YEAR = 1976
}

@INPROCEEDINGS{HenzingerPOPL02,
  AUTHOR = "T. A. Henzinger and R. Jhala and R. Majumdar and G. Sutre",
  TITLE = "Lazy Abstraction",
  BOOKTITLE = "Proc. 29$^{th}$ POPL",
  PUBLISHER = "ACM",
  YEAR = 2002
}

@BOOK{HoglundExploiting04,
  AUTHOR = "G. Hoglund and G. McGraw",
  TITLE = "Exploiting Software: How to Break Code",
  PUBLISHER = "Addison Wesley",
  ADDRESS = "Boston, MA",
  YEAR = 2004
}

@INPROCEEDINGS{JacksonAlloyFSE00,
  AUTHOR = "D. Jackson",
  TITLE = "Automating First-Order Relational Logic",
  BOOKTITLE = "Proc. FSE",
  PUBLISHER = "ACM",
  YEAR = 2000
}
  
  
@ARTICLE{JohnsonCCAIBM91,
  AUTHOR = "D. B. Johnson and G. M. Dolan and M. J. Kelly and A. V. Le and S.
  M. Matyas",
  TITLE = "Common Cryptographic Architecture Cryptographic Application
  Programming Interface",
  JOURNAL = "IBM Systems Journal",
  VOLUME = 30,
  NUMBER = 2,
  PAGES = "130--150",
  YEAR = 1991
}
	
@INPROCEEDINGS{JoshiDenaliPLDI02,
	AUTHOR = "R. Joshi and G. Nelson and K. Randall",
	TITLE = "Denali: {A} Goal-directed Superoptimizer",
	BOOKTITLE = "Proc. PLDI",
	PUBLISHER = "ACM",
	YEAR = 2002
}

@TECHREPORT{JoshiStraightHPL03,
	AUTHOR = "R. Joshi and G. Nelson and Y. Zhou",
	TITLE = "The Straight-Line Automatic Programming Problem",
	NUMBER = "HPL-2003-236",
	INSTITUTION = "HP Laboratories",
	ADDRESS = "Palo Alto",
	YEAR = 2003
}

@ARTICLE{MatyasControlIBM91b,
  AUTHOR = "S. M. Matyas and A. V. Le and D. G. Abraham",
  TITLE = "A key management scheme based on control vectors",
  JOURNAL = "IBM Systems Journal",
  VOLUME = 30,
  NUMBER = 2,
  PAGES = "175--191",
  YEAR = 1991
}

@INPROCEEDINGS{MassalinASPLOS87,
	AUTHOR = "H. Massalin",
	TITLE = "Superoptimizer---{A} Look at the Smallest Program",
	BOOKTITLE = "Proc. 2$^{nd}$ ASPLOS",
	PUBLISHER = "ACM",
	YEAR = 1987
}
	
@ARTICLE{MeadowsNRL96,
  AUTHOR = "C. Meadows",
  TITLE = "The {NRL} {P}rotocol {A}nalyzer: {A}n Overview",
  JOURNAL = "Journal of Logic Programming",
  VOLUME = 26,
  NUMBER = 2,
  PAGES = "113--131",
  YEAR = 1996
}
@INPROCEEDINGS{MoskewiczChaffDAC01,
  AUTHOR = "M. Moskewicz and C. Madigan and Y. Zhao and L. Zhang and S. Malik", 
  TITLE = "Chaff: Engineering an Efficient {SAT} Solver", 
  BOOKTITLE = "Proc. 38$^{th}$ DAC",
  PUBLISHER = "ACM",
  YEAR = 2001
}
  
@ARTICLE{NewShamFormat00,
  AUTHOR = "T. Newsham",
  TITLE = "Format String Attacks",
  NOTE = "\url{www.securityfocus.com/guest/3342}"
}
  
@ARTICLE{SecurityFocus00,
	AUTHOR = "SecurityFocus",
	TITLE = "Qualcomm QPopper Vulnerability",
	NOTE = "\url{www.securityfocus.com/advisories/2271}"
}

@INPROCEEDINGS{SeshiaLICS04,
  AUTHOR = "S. A. Seshia and R. E. Bryant",
  TITLE = "Deciding Quantifier-Free {Presburger} Formulas using Parameterized Solution Bounds",
  BOOKTITLE = "Proc. 19$^{th}$ LICS",
  PUBLISHER = "IEEE",
  YEAR = 2004,
}
  
@INPROCEEDINGS{ShankarFormatSec01,
  AUTHOR = "U. Shankar and K. Talwar and J. S. Foster and D. Wagner",
  TITLE = "Automated Detection of Format-String Vulnerabilities Using Type
  Qualifiers",
  BOOKTITLE = "Proc. 10$^{th}$ Security Symp.",
  PUBLISHER = "USENIX",
  YEAR = 2001
}

@ARTICLE{SIEGE,
  KEY = "siege",
  TITLE = "{S}iege {SAT} Solver",
  JOURNAL = "",
  NOTE = "\url{http://www.cs.sfu.ca/$\sim$loryan/personal}"
}

@INPROCEEDINGS{StumpCVCCAV02,
  AUTHOR = "A. Stump and C. W. Barrett and D. L. Dill",
  TITLE = "{CVC}: A Cooperating Validity Checker",
  BOOKTITLE = "Proc. 14$^{th}$ CAV",
  SERIES = "LNCS 2404",
  PUBLISHER = "Springer",
  YEAR = 2002
}
  
@INPROCEEDINGS{SullivanISSTA04,
  AUTHOR = "K. Sullivan and J. Yang and D. Coppit and S. Khurshid and D. Jackson",
  TITLE = "Software assurance by bounded exhaustive testing",
  BOOKTITLE = "Proc. ISSTA",
  PUBLISHER = "ACM",
  YEAR = 2004
}
  
@ARTICLE{ThuemmelAnalysis01,
  AUTHOR = "A. Thuemmel",
  TITLE = "Analysis~of~format~string~bugs",
  JOURNAL = "Manuscript",
  NOTE = "\url{http://downloads.securityfocus.com/library/format-bug-analysis.pdf}",
  YEAR = 2001
}

@INPROCEEDINGS{UCLID,
  AUTHOR = "S. K. Lahiri and S. A. Seshia",
  TITLE = "The {UCLID} Decision Procedure",
  BOOKTITLE = "Proc. 16$^{th}$ CAV",
  SERIES = "LNCS 3114",
  PUBLISHER = "Springer",
  YEAR = 2004
}

@INPROCEEDINGS{WagnerNDSS00,
  AUTHOR = "D. Wagner and J. S. Foster and E. Brewer and A. Aiken",
  TITLE = "A first step towards automated detection of buffer overrun
  vulnerabilities",
  BOOKTITLE = "Proc. NDSS",
  PUBLISHER = "ISOC",
  YEAR = 2000
}

@INPROCEEDINGS{WhaleyISSTA02,
  AUTHOR = "D. Whaley and M. Martin and M. Lam",
  TITLE = "Automatic extraction of object-oriented component interfaces",
  BOOKTITLE = "Proc. ISSTA",
  PUBLISHER = "ACM",
  YEAR = 2002
}

@INPROCEEDINGS{XiePOPL05,
	AUTHOR = "Y. Xie and A. Aiken",
	TITLE = "Scalable Error Detection using {Boolean} Satisfiability",
	BOOKTITLE = "Proc. 32$^{nd}$ POPL",
	PUBLISHER = "ACM",
	YEAR = 2005
}
