@misc{openid
, keyword = "OpenID"
, note = "OpenID Specification. \url{http://openid.net/developers/specs/}"
}


@article{HSC-identity-08,
author = {Marit Hansen and Ari Schwartz and Alissa Cooper},
title = {Privacy and Identity Management},
journal ={IEEE Security and Privacy},
volume = {6},
number = {2},
issn = {1540-7993},
year = {2008},
pages = {38-45},
publisher = {IEEE Computer Society},
address = {Los Alamitos, CA, USA}
}

@book{openid-book
, author = "RAFEEQ UR REHMAN"
, title = "The {OpenID} Book"
, publisher = "Conformix Technologies Inc."
, year = 2008
}

@inproceedings{semantic-k-means
, author = "D. Jim\'{e}nez and E. Ferretti and V. Vidal and P.  Rosso and C. F. Enguix"
, title = " The Influence of Semantics in {IR}
using {LSI} and {K}-Means Clustering Techniques"
, booktitle = "Proc. of Workshop on Conceptual Information
Retrieval and Clustering of Documents"
, year = 2003
, pages = "286-291"
}

@inproceedings{pedersen-similarity
, author = "Ted Pedersen"
, note = " WordNet::Similarity. \url{http://www.d.umn.edu/~tpederse/similarity.html}"
}

@INPROCEEDINGS{bp-similarity,
    author = {Satanjeev Banerjee and Ted Pedersen},
    title = {Extended gloss overlaps as a measure of semantic relatedness},
    booktitle = {In Proceedings of the Eighteenth International Joint Conference on Artificial Intelligence},
    year = {2003},
    pages = {805--810}
}

@inproceedings{PedersenK06,
  author    = {Ted Pedersen and
               Anagha Kulkarni},
  title     = {Selecting the "Right" Number of Senses Based on Clustering
               Criterion Functions},
  booktitle = {EACL},
  year      = {2006},
  ee        = {http://acl.ldc.upenn.edu/E/E06/E06-2007.pdf},
  crossref  = {DBLP:conf/eacl/2006},
  bibsource = {DBLP, http://dblp.uni-trier.de}
}

@proceedings{DBLP:conf/eacl/2006,
  title     = {EACL 2006, 11st Conference of the European Chapter of the
               Association for Computational Linguistics, Proceedings of
               the Conference, April 3-7, 2006, Trento, Italy},
  booktitle = {EACL},
  publisher = {The Association for Computer Linguistics},
  year      = {2006},
  isbn      = {1-932432-59-0},
  bibsource = {DBLP, http://dblp.uni-trier.de}
}


@inproceedings{KulkarniP05,
  author    = {Anagha Kulkarni and
               Ted Pedersen},
  title     = {SenseClusters: Unsupervised Clustering and Labeling of Similar
               Contexts},
  booktitle = {ACL},
  year      = {2005},
  ee        = {http://acl.ldc.upenn.edu/P/P05/P05-3027.pdf},
  crossref  = {DBLP:conf/acl/2005},
  bibsource = {DBLP, http://dblp.uni-trier.de}
}

@proceedings{DBLP:conf/acl/2005,
  title     = {ACL 2005, 43rd Annual Meeting of the Association for Computational
               Linguistics, Proceedings of the Conference, 25-30 June 2005,
               University of Michigan, USA},
  booktitle = {ACL},
  publisher = {The Association for Computer Linguistics},
  year      = {2005},
  bibsource = {DBLP, http://dblp.uni-trier.de}
}

@inproceedings{jiang
, author = "J. Jiang and D. Conrath"
, year = " Semantic similarity based on corpus statistics and lexical taxonomy"
, booktitle = "Proceedings of ROCLING X"
, year = 1997
}

@inproceedings{lin
, author = "D. Lin"
, title = "An information-theoretic definition of similarity"
, booktitle = "Proceedings of Conference on
Machine Learning"
, pages = "296â€“304"
, year = 1998
}

@INPROCEEDINGS{Resnik95,
    author = {Philip Resnik},
    title = {Using Information Content to Evaluate Semantic Similarity in a Taxonomy},
    booktitle = {In Proceedings of the 14th International Joint Conference on Artificial Intelligence},
    year = {1995},
    pages = {448--453}
}

@misc{pedersen-wordneT
, author = "Ted Pedersen and Jason Michelizzi "
, note = "\url{http://marimba.d.umn.edu/cgi-bin/similarity/similarity.cgi}"
}

@article{sentence-similarity-06
, title = "Sentence similarity based on semantic nets and corpus statistics"
, author = "Y. Li and D. McLean and Z. A.  Bandar and  J. D. O'Shea and K.  Crockett"
, journal = "IEEE Transactions on Knowledge and Data Engineering"
, volume  = 18
, number = 8
, year = 2006
, pages = " 1138 - 1150"
}


@inproceedings{VRV-phrase-similarity-04
, author = "Manuel Vilares and Francisco J. Ribadas  and J. Vilares"
, title = "Phrase {S}imilarity through the {E}dit {D}istance"
, series = "Lecture Notes in Computer Science"
, publisher = " Springer"
, volume = 3180
, year = 2004
, booktitle = " Database and Expert Systems Applications"
, pages =  "306-317 "
}


@article{fink,
author="Finkbeiner, C",
title="Estimation of the multiple factor model when data are missing",
booktitle="Psychometrika",
pages="409-420",
year="1979"
}

@inproceedings{johnson-w2sp-07
, author = "Michael Hart and Rob Johnson and Amanda Stent"
, title = " More Content - Less Control: Access Control in the Web 2.0"
, year =  2007
, booktitle = "Proceedings of Web 2.0 Security and Privacy (in conjunction with the IEEE Symposium on Security and Privacy)"
}

@inproceedings{WZY-www-06,
  author    = {Xian Wu and
               Lei Zhang and
               Yong Yu},
  title     = {Exploring social annotations for the semantic web},
  booktitle = {WWW},
  year      = {2006},
  pages     = {417-426},
  ee        = {http://doi.acm.org/10.1145/1135777.1135839},
  crossref  = {DBLP:conf/www/2006},
  bibsource = {DBLP, http://dblp.uni-trier.de}
}


@misc{wordnet
, key = "wordnet"
, note = "Wordnet - a lexical database for the English language. \url{http://wordnet.princeton.edu/}"
}

@inproceedings{MO-www-08,
  author    = {Mohammad Mannan and
               Paul C. van Oorschot},
  title     = {Privacy-enhanced sharing of personal content on the web},
  booktitle = {WWW},
  year      = {2008},
  pages     = {487-496},
  ee        = {http://doi.acm.org/10.1145/1367497.1367564},
  crossref  = {DBLP:conf/www/2008},
  bibsource = {DBLP, http://dblp.uni-trier.de}
}


@inproceedings{ps-similarity-08
, title = "Design, Implementation and Evaluation of a new Semantic Similarity metric combining Features and Intrinsic Information Content"
, author = " Giuseppe Pirro' and  Nuno Seco"
, booktitle = "Proceedings of On the Move to Meaningful Internet Systems "
, year = 2008
, location = "Monterrey, Mexico"
}

@inproceedings{yahoo-www-08,
  author    = {Xin Li and
               Lei Guo and
               Yihong Eric Zhao},
  title     = {Tag-based social interest discovery},
  booktitle = {WWW},
  year      = {2008},
  pages     = {675-684},
  ee        = {http://doi.acm.org/10.1145/1367497.1367589},
  crossref  = {DBLP:conf/www/2008},
  bibsource = {DBLP, http://dblp.uni-trier.de}
}

@proceedings{DBLP:conf/www/2008,
  editor    = {Jinpeng Huai and
               Robin Chen and
               Hsiao-Wuen Hon and
               Yunhao Liu and
               Wei-Ying Ma and
               Andrew Tomkins and
               Xiaodong Zhang},
  title     = {Proceedings of the 17th International Conference on World
               Wide Web, WWW 2008, Beijing, China, April 21-25, 2008},
  booktitle = {WWW},
  publisher = {ACM},
  year      = {2008},
  isbn      = {978-1-60558-085-2},
  bibsource = {DBLP, http://dblp.uni-trier.de}
}


@article{LPW-flickr-07,
  author    = {Kristina Lerman and
               Anon Plangprasopchok and
               Chio Wong},
  title     = {Personalizing Image Search Results on Flickr},
  journal   = {CoRR},
  volume    = {abs/0704.1676},
  year      = {2007},
  ee        = {http://arxiv.org/abs/0704.1676},
  bibsource = {DBLP, http://dblp.uni-trier.de}
}

@article{PL-annotation-07,
  author    = {Anon Plangprasopchok and
               Kristina Lerman},
  title     = {Exploiting Social Annotation for Automatic Resource Discovery},
  journal   = {CoRR},
  volume    = {abs/0704.1675},
  year      = {2007},
  ee        = {http://arxiv.org/abs/0704.1675},
  bibsource = {DBLP, http://dblp.uni-trier.de}
}

@misc{Mathes-04
, author = "A. Mathes"
, title = "Folksonomies: cooperative
classification and communication through shared
metadata"
, year = 2004
}

@inproceedings{GM-wiki-07,
  author    = {Evgeniy Gabrilovich and
               Shaul Markovitch},
  title     = {Computing Semantic Relatedness Using Wikipedia-based Explicit
               Semantic Analysis},
  booktitle = {IJCAI},
  year      = {2007},
  pages     = {1606-1611},
  ee        = {http://www.ijcai.org/papers07/Papers/IJCAI07-259.pdf},
  crossref  = {DBLP:conf/ijcai/2007},
  bibsource = {DBLP, http://dblp.uni-trier.de}
}

@proceedings{DBLP:conf/ijcai/2007,
  editor    = {Manuela M. Veloso},
  title     = {IJCAI 2007, Proceedings of the 20th International Joint
               Conference on Artificial Intelligence, Hyderabad, India,
               January 6-12, 2007},
  booktitle = {IJCAI},
  year      = {2007},
  bibsource = {DBLP, http://dblp.uni-trier.de}
}

@inproceedings{CFP-social-06,
  author    = {Barbara Carminati and
               Elena Ferrari and
               Andrea Perego},
  title     = {Rule-Based Access Control for Social Networks},
  booktitle = {OTM Workshops (2)},
  year      = {2006},
  pages     = {1734-1744},
  ee        = {http://dx.doi.org/10.1007/11915072_80},
  crossref  = {DBLP:conf/otm/2006-w2},
  bibsource = {DBLP, http://dblp.uni-trier.de}
}

@proceedings{DBLP:conf/otm/2006-w2,
  editor    = {Robert Meersman and
               Zahir Tari and
               Pilar Herrero},
  title     = {On the Move to Meaningful Internet Systems 2006: OTM 2006
               Workshops, OTM Confederated International Workshops and
               Posters, AWeSOMe, CAMS, COMINF, IS, KSinBIT, MIOS-CIAO,
               MONET, OnToContent, ORM, PerSys, OTM Academy Doctoral Consortium,
               RDDS, SWWS, and SeBGIS 2006, Montpellier, France, October
               29 - November 3, 2006. Proceedings, Part II},
  booktitle = {OTM Workshops (2)},
  publisher = {Springer},
  series    = {Lecture Notes in Computer Science},
  volume    = {4278},
  year      = {2006},
  isbn      = {3-540-48273-3},
  bibsource = {DBLP, http://dblp.uni-trier.de}
}


@inproceedings{GSW-social-07
, author = "Kiran K. Gollu and Stefan Saroiu and Alec Wolman"
, title = "A Social Networking-Based Access Control Scheme for Personal Content"
, booktitle = "Proceedings of the 21st ACM Symposium on Operating Systems Principles (SOSP '07), Work-in-Progress Session"
, year = 2007
}

@article{1272053,
 author = {David Rosenblum},
 title = {What Anyone Can Know: The Privacy Risks of Social Networking Sites},
 journal = {IEEE Security and Privacy},
 volume = {5},
 number = {3},
 year = {2007},
 issn = {1540-7993},
 pages = {40--49},
 doi = {http://dx.doi.org/10.1109/MSP.2007.75},
 publisher = {IEEE Educational Activities Department},
 address = {Piscataway, NJ, USA},
 }

@misc{oreilly-web20
, author = "Tim O'Reilly"
, title = "Design Patterns and Business Models for the Next Generation of Software"
, note = "\url{ttp://www.oreillynet.com/pub/a/oreilly/tim/news/2005/09/30/what-is-web-20.html}"
, year = 2005
}


@inproceedings{johnson-w2sp-08
, title = "More Content - Less Control: Access Control in the {W}eb 2.0"
, author = "Michael Hart and Rob Johnson and Amanda Stent"
, booktitle = " IEEE Web 2.0 Privacy and Security Workshop"
, location = " Oakland, CA"
, year = 2007
}

@inproceedings{Evans-w2sp-08
, title = "Privacy Protection for Social Networking Platforms"
, uthor = "Adrienne Felt and David Evans"
, booktitle = "Proceedings of Web 2.0 Security and Privacy 2008 (in conjunction with 2008 IEEE Symposium on Security and Privacy)"
, location = "Oakland, CA"
, year =  2008
}

@inproceedings{DBLP:conf/idtrust/StaddonGGR08,
  author    = {Jessica Staddon and
               Philippe Golle and
               Martin Gagn{\'e} and
               Paul Rasmussen},
  title     = {A content-driven access control system},
  booktitle = {IDtrust},
  year      = {2008},
  pages     = {26-35},
  ee        = {http://doi.acm.org/10.1145/1373290.1373296},
  crossref  = {DBLP:conf/idtrust/2008},
  bibsource = {DBLP, http://dblp.uni-trier.de}
}

@proceedings{DBLP:conf/idtrust/2008,
  editor    = {Kent E. Seamons and
               Neal McBurnett and
               Tim Polk},
  title     = {IDtrust 2008, Proceedings of the 7th Symposium on Identity
               and Trust on the Internet, March 4-6, 2008, Gaithersburg,
               Maryland, USA},
  booktitle = {IDtrust},
  publisher = {ACM},
  series    = {ACM International Conference Proceeding Series},
  volume    = {283},
  year      = {2008},
  isbn      = {978-1-60558-066-1},
  bibsource = {DBLP, http://dblp.uni-trier.de}
}



@inproceedings{singh-lee-08
, title = "On the Design of a Web Browser:
Lessons learned from Operating Systems"
, author = "Kapil Singh Wenke Lee"
, booktitle = "W2SP 2008: Web 2.0 Security and Privacy. Held in conjunction with the 2008 IEEE Symposium on Security and Privacy"
, year = 2008
}

@inproceedings{jackson-barth-08
, author = "Collin Jackson and Adam Barth"
, title = "Beware of Finer-Grained Origins"
, booktitle = "W2SP 2008: Web 2.0 Security and Privacy. Held in conjunction with the 2008 IEEE
Symposium on Security and Privacy"
, year = 2008
}

@inproceedings{close-08
, title = "Web-key: Mashing with Permission"
, author = "Tyler Close"
, booktitle = "W2SP 2008: Web 2.0 Security and Privacy. Held in conjunction with the 2008 IEEE
Symposium on Security and Privacy"
, year = 2008
}

@misc{windows-live
, key = "microsoft windows live"
, note = "Microsoft Windows Live Contacts. \url{htp://dev.live.com/mashups/trypresencecontrol/}"
}

@inproceedings{op-browser
, author = "Chris Grier and Shuo Tang and Samuel T. King"
, title = "Secure web browsing with the OP web browser"
, booktitle = " IEEE Symposium on Security and Privacy"
, month =" May"
, year =  2008
}

@inproceedings{subspace-07,
  author    = {Collin Jackson and
               Helen J. Wang},
  title     = {Subspace: secure cross-domain communication for web mashups},
  booktitle = {Proceedings of the 16th International Conference on World
               Wide Web},
  year      = {2007},
  pages     = {611-620}
}

@inproceedings{smash-08
, author = "Frederik De Keukelaere and Sumeer Bhola and Michael Steiner and Suresh Chari and Sachiko Yoshihama"
, title = "{SMash}: Secure Component Model for Cross-Domain
        Mashups on Unmodified Browsers"
, booktitle = {Proceedings of the 17th International Conference on World
               Wide Web}
, year = 2008
}

@article{ahmad-08
, volume = 6
, number = 1
, month = " January/February"
, pages = " 74-77"
, title = "The Confused Deputy and the Domain Hijacker"
, journal = "IEEE Security and Privacy"
, author = "Dave Ahmad"
, year = 2008
}

@misc{json-spec
, key = "JSON"
, note = "JSON-RPC 1.1 Specification. \url{http://json-rpc.org/wd/JSON-RPC-1-1-WD-20060807.html}"
}

@misc{ajax-tutorial
, key = "AJAX"
, note = "Asynchronous JavaScript and XML Tutorials. \url{http://developer.mozilla.org/en/docs/AJAX}"
}

@misc{openmashup
, key = "Openmashup"
, note = "OpenMashup. \url{http://www.openmashupos.com/}"
}

@misc{dojo
, key = "dojo"
, note = "DOJO Library. Part 5. \url{http://dojotoolkit.org/book/dojo-book-0-4/}"
}

@misc{facebook-api
, key = "Facebook API"
, note = "Facebook API. \url{http://developers.facebook.com/}"
}

@misc{opensocial-api
, key = "OpenSocial"
, note = "OpenSocial API. \url{http://code.google.com/apis/opensocial/}"
}

@inproceedings{mashupos-07
, title = "Protection and Communication Abstractions for Web Browsers in MashupOS"
, author = "Helen J. Wang and Xiaofeng Fan and Jon Howell and Collin Jackson"
, booktitle  = "ACM Symposium on Operating Systems Principle (SOSP)"
, year = 2007
, publisher = "ACM Press"
, pages = "1-16"
}

@inproceedings{SOP,
 author = {Collin Jackson and Andrew Bortz and Dan Boneh and John C. Mitchell},
 title = {Protecting browser state from web privacy attacks},
 booktitle = {WWW '06: Proceedings of the 15th international conference on World Wide Web},
 year = {2006},
 isbn = {1-59593-323-9},
 pages = {737--744},
 location = {Edinburgh, Scotland},
 doi = {http://doi.acm.org/10.1145/1135777.1135884},
 publisher = {ACM},
 address = {New York, NY, USA},
 }

@inproceedings{postmessage
, title = "Securing Browser Frame Communication"
, author = "
Adam Barth and Collin Jackson and John C. Mitchell"
, booktitle = "Proceedings  of the 17th USENIX Security Symposium"
, year = 2008
}

@misc{QEDwiki
, key = "qedwiki"
, note = "IBM QEDWiki. \url{http://services.alphaworks.ibm.com/qedwiki/}"
}
