@inproceedings{omos,
	author = {Saman Zarandioon and Danfeng Yao and Vinod Ganapathy},
  title = {OMOS: A Framework for Secure Communication in Mashup Applications},
  booktitle = {ACSAC'08: Proceedings of the 24th Annual Computer Security
               Applications Conference},
  month = {December},
  year = {2008}
}

