
@inproceedings{Van08,
 author = {Vanoverberghe, Dries and Piessens, Frank},
 title = {A Caller-Side Inline Reference Monitor for an Object-Oriented Intermediate Language},
 booktitle = {Proceedings of the 10th IFIP WG 6.1 International Conference on Formal Methods for Open Object-Based Distributed Systems},
 series = {FMOODS '08},
 year = {2008},
 isbn = {978-3-540-68862-4},
 location = {Oslo, Norway},
 pages = {240--258},
 numpages = {19},
 url = {http://dx.doi.org/10.1007/978-3-540-68863-1_15},
 doi = {10.1007/978-3-540-68863-1_15},
 acmid = {1424564},
 publisher = {Springer-Verlag},
 address = {Berlin, Heidelberg},
 keywords = {inline reference monitor, security policy enforcement},
}

@inproceedings{Washizaki09,
  title={{AOJS}: Aspect-oriented {JavaScript} programming framework for {Web} development},
  author={Washizaki, Hironori and Kubo, Atsuto and Mizumachi, Tomohiko and Eguchi, Kazuki and Fukazawa, Yoshiaki and Yoshioka, Nobukazu and Kanuka, Hideyuki and Kodaka, Toshihiro and Sugimoto, Nobuhide and Nagai, Yoichi and others},
  booktitle={Proceedings of the 8th Workshop on Aspects, Components, and Patterns for Infrastructure Software},
  pages={31--36},
  year={2009},
  publisher={ACM}
}

@inproceedings{Toledo10,
  title={{AspectScript}: Expressive aspects for the Web},
  author={Toledo, Rodolfo and Leger, Paul and Tanter, {\'E}ric},
  booktitle={Proceedings of the 9th International Conference on Aspect-Oriented Software Development},
  pages={13--24},
  year={2010},
  publisher={ACM}
}

@inproceedings{Allan05,
  title={Adding trace matching with free variables to {AspectJ}},
  author={Allan, Chris and Avgustinov, Pavel and Christensen, Aske Simon and Hendren, Laurie and Kuzins, Sascha and Lhot{\'a}k, Ond{\v{r}}ej and De Moor, Oege and Sereni, Damien and Sittampalam, Ganesh and Tibble, Julian},
  booktitle={Proceedings of the 20th Annual ACM SIGPLAN Conference on Object Oriented Programming Systems Languages and Applications},
  pages={345--364},
  year={2005},
  publisher={ACM}
}

@article{Meredith12,
  title={An overview of the {MOP} runtime verification framework},
  author={Meredith, Patrick Oâ€™Neil and Jin, Dongyun and Griffith, Dennis and Chen, Feng and Ro{\c{s}}u, Grigore},
  journal={International Journal on Software Tools for Technology Transfer},
  volume={14},
  number={3},
  pages={249--289},
  year={2012},
  publisher={Springer}
}

@incollection{Bauer12,
title={Runtime verification meets {Android} security},
author={Bauer, Andreas and K{\"u}ster, Jan-Christoph and Vegliach, Gil},
booktitle={NASA Formal Methods},
pages={174--180},
year={2012},
publisher={Springer}
}

@inproceedings{Falcone13,
  title={Runtime Verification and Enforcement for {Android} Applications with {RV-Droid}},
  author={Falcone, Yli{\`e}s and Currea, Sebastian and Jaber, Mohamad},
  booktitle={Runtime Verification},
  pages={88--95},
  year={2013},
  publisher={Springer}
}

@article{Bodden12,
  title={The {Clara} framework for hybrid typestate analysis},
  author={Bodden, Eric and Hendren, Laurie},
  journal={International Journal on Software Tools for Technology Transfer},
  volume={14},
  number={3},
  pages={307--326},
  year={2012},
  publisher={Springer}
}

@inproceedings{Hussein12,
title={Security-policy monitoring and enforcement with {JavaMOP}},
author={Hussein, Soha and Meredith, Patrick and Ro{\c{s}}u, Grigore},
booktitle={Proceedings of the 7th Workshop on Programming Languages and Analysis for Security},
pages={3},
year={2012},
publisher={ACM}
}

@inproceedings{transcript,
author={Mohan Dhawan and Chungchieh Shan and Vinod Ganapathy},
title={Enhancing {JavaScript} with Transactions},
booktitle={European Conference on Object Oriented Programming},
pages={383-408},
year={2012},
publisher={Springer},
}

@inproceedings{jam,
author={Matthew Fredrikson and Richard Joiner and Somesh Jha and Thomas Reps and Phillip Porras and Hassen Sa\"idi and Vinod Yegneswaran},
title={Efficient Runtime Policy Enforcement Using Counterexample-Guided Abstraction Refinement},
booktitle={Computer Aided Verification},
year={2012},
pages={548-563},
publisher={Springer},
}

@inproceedings{txbox,
title={{TxBox}: Building secure, efficient sandboxes with system transactions},
author={Jana, Suman and Porter, Donald E and Shmatikov, Vitaly},
booktitle={Symposium on Security and Privacy},
year={2011},
pages={329-344},
publisher={IEEE},
}

@inproceedings{capweave,
author={William Harris and Somesh Jha and Thomas Reps},
title={Secure Programming Via Visibly Pushdown Safety Games},
booktitle={Computer Aided Verification},
year={2012},
pages={581-598},
publisher={Springer},
}

@inproceedings{access,
author={Gregor Richards and Christian Hammer and Francesco Zappa Nardelli and Suresh Jagannathan and Jan Vitek},
title={Flexible Access Control for {JavaScript}},
booktitle={Proceedings of the 2013 ACM SIGPLAN International Conference on Object Oriented Programming Systems Languages and Applications},
year={2013},
pages={305--322},
}

@article{synch,
author = {Martin Vechev and Eran Yahav and Greta Yorsh},
title={Abstraction-guided synthesis of synchronization},
journal={International Journal on Software Tools for Technology Transfer},
volume={15},
number={5-6},
pages={413--431},
year={2013},
publisher={Springer}
}

@inproceedings{tdop,
author={Vaughan Pratt},
title={Top Down Operator Precedence},
booktitle={Proceedings of the 1st Annual ACM SIGACT-SIGPLAN Symposium on Principle of Programming Languages},
year={1973},
pages={41--51},
}

@inproceedings{taejs,
author={Myoungkyu Song and Eli Tilevich},
title={{TAE-JS}: Automated Enhancement of {JavaScript} Programs by Leveraging the {Java} Annotations Framework},
booktitle={Proceedings of the 2013 International Conference on Principles and Practices of Programming on the Java Platform: Virtual Machines, Languages, and Tools},
year={2013},
publisher={ACM},
pages={13--24},
}

@inproceedings{tmi,
author={Arnar Birgnisson and Mohan Dhawan and Erlingsson, \'{U}lfar and Vinod Ganapathy and Liviu Iftode},
title={Enforcing Authorization Policies Using Transactional Memory Introspection},
booktitle={Proceedings of the 15th ACM Conference on Computer and Communications Security},
year={2008},
pages={223--234},
publisher={ACM},
}

@article{specifying,
author={Simon Doherty and Lindsay Groves and Victor Luchangco and Mark Moir},
title={Towards Formally Specifying and Verifying Transactional Memory},
journal={Electronic Notes in Theoretical Computer Science},
number={259},
year={2009},
pages={245--261},
publisher={Elsevier}
}

@inproceedings{stem,
title={From {STEM} to {SEAD}: Speculative Execution for Automated Defense},
author={Locasto, Michael E and Stavrou, Angelos and Cretu, Gabriela F and Keromytis, Angelos D},
booktitle={USENIX Annual Technical Conference},
year={2007},
pages={219--232},
}

@misc{worker,
author = {WHATWG},
title = {Web Workers {HTML} Standard},
howpublished = {\url{http://www.whatwg.org/specs/web-apps/current-work/} \url{multipage/workers.html}},
year = {2013},
}

@article{Bie13,
title={Survey on {JavaScript} security policies and their enforcement mechanisms in a web browser},
author={Bielova, Nataliia},
journal={The Journal of Logic and Algebraic Programming},
volume={82},
number={8},
pages={243--262},
year={2013},
publisher={Elsevier}
}

@inproceedings{Ric10,
title={An analysis of the dynamic behavior of {JavaScript} programs},
author={Richards, Gregor and Lebresne, Sylvain and Burg, Brian and Vitek, Jan},
booktitle={Proceedings of the 2010 ACM SIGPLAN Conference on Programming Language Design and Implementation},
year={2010},
pages={1--12},
publisher={ACM},
}

@misc{hybrid,
author = {Mark Moir},
title = {Advanced Topics in Programming Languages: Transactional Memory at Sun},
howpublished = {\url{http://www.youtube.com/watch?v=ZR_C3Xdk-9A}},
year = {2007},
}

@article{toy,
author={C\u{a}lin Ca\c{s}caval and Colin Blundell and Maged Michael and Harold W. Cain and Peng Wu and Stefanie Chiras and Siddhartha Chatterjee},
title={Software Transactional Memory: Why Is It Only a Research Toy?},
journal={ACM Queue},
year={2008},
month={September},
volume={6},
number={5},
publisher={ACM},
}

@misc{crock,
author={Douglas Crockford},
title={Top Down Operator Precedence},
howpublished={\url{http://javascript.crockford.com/tdop/tdop.html}},
year={2007},
}

@inproceedings{semantics,
author={Sergio Maffeis and John C. Mitchell and Ankur Taly},
title={An Operational Semantics for {JavaScript}},
booktitle={Programming Languages and Systems},
year={2008},
pages={307--325},
publisher={Springer}
}

@misc{adsafe,
title = {{ADsafe}: Making {JavaScript} safe for advertising},
author = {Douglas Crockford},
howpublished = {\url{http://www.adsafe.org}}
}

@inproceedings{Maf09a,
author={Sergio Maffeis and John C. Mitchell and Ankur Taly},
title={Isolating {JavaScript} with filters, rewriting, and wrappers},
booktitle={European Symposium on Research in Computer Security},
pages={505--522},
year={2009},
publisher={Springer}
}

@inproceedings{Maf09b,
author={Sergio Maffeis and Ankur Taly}, 
booktitle={Computer Security Foundations Symposium}, 
title={Language-Based Isolation of Untrusted {JavaScript}}, 
year={2009}, 
pages={77-91}, 
publisher={IEEE},
}

@article{Lan92,
author={William Landi},
title={Undecidability of Static Analysis},
journal={ACM Letters on Programming Languages and Systems},
volume={1},
number={4},
pages={323--337},
year={1992},
publisher={ACM}
}

@inproceedings{Yu07,
author={Dachuan Yu and Ajay Chander and Nayeem Islam and Igor Serikov},
title={{JavaScript} Instrumentation for Browser Security},
booktitle={Proceedings of the 34th Annual ACM SIGPLAN-SIGACT Symposium on Principles of Programming Languages},
volume={42},
number={1},
pages={237--249},
year={2007},
publisher={ACM}
}

@article{Sch00,
author={Fred B. Schneider},
title={Enforceable security policies},
journal={ACM Transactions on Information and System Security},
volume={3},
number={1},
pages={30--50},
year={2000},
publisher={ACM}
}

@inproceedings{Yan09,
title={Efficient {IRM} enforcement of history-based access control policies},
author={Fei Yan and Philip W. L. Fong},
booktitle={International Symposium on Information, Computer, and Communications Security},
pages={35--46},
year={2009},
publisher={ACM}
}

@phdthesis{Erl04,
author={Erlingsson, \'{U}lfar},
title={The Inlined Reference Monitor Approach to Security Policy Enforcement},
school={Computer Sciences Department, Cornell University},
year={2004},
month={January},
}

@article{Wal00,
title={SAFKASI: A Security Mechanism for Language-Based Systems},
author={Dan S. Wallach and Andrew W. Appel and Edward W. Felten},
journal={ACM Transactions on Software Engineering and Methodology},
volume={9},
number={4},
pages={341--378},
year={2000},
publisher = {ACM},
}

@inproceedings{conscript,
author={Leo A. Meyerovich and Benjamin Livshits},
title={{ConScript}: Specifying and Enforcing Fine-Grained Security Policies for {JavaScript} in the Browser},
booktitle={2010 IEEE Symposium on Security and Privacy},
year={2010},
pages={481--496},
publisher={IEEE},
}

@inproceedings{Erl00,
author={Erlingsson, \'{U}lfar and Fred B. Schneider},
title={{SASI} enforcement of security policies: a retrospective},
booktitle={Proceedings of the 1999 Workshop on New Security Paradigms},
year={2000},
pages={87--95},
publisher={ACM}
}

@article{Che04,
author={Brian Chess and Gary McGraw},
title={Static Analysis for Security},
journal={IEEE Security and Privacy},
year={2004},
publisher={IEEE},
volume={2},
number={6},
pages={76--79},
}

@techreport{Mil08,
title={Safe active content in sanitized {JavaScript}},
author={Miller, Mark S and Samuel, Mike and Laurie, Ben and Awad, Ihab and Stay, Mike},
year={2008},
institution={Google, Inc}
}

@comment{inproceedings,
author = {},
title = {},
booktitle = {},
year = {},
}

@comment{article,
author = {},
title = {},
journal = {},
year = {},
volume = {},
number = {},
issn = {},
pages = {},
doi = {},
publisher = {},
address = {},
}

@comment{misc,
author = {},
title = {},
howpublished = {\url{}},
year = {},
}

