@inproceedings{api-leak:oakland11,
  author = "Ankur Taly and Ulfar Erlingsson and Mark S. Miller and John C.
Mitchell and Jasvir Nagra",
  title = "Automated Analysis of Security-Critical JavaScript APIs",
  booktitle = "IEEE S\&P",
  year = 2011
}


@inproceedings{lam:usenix05,
  author = "Benjamin Livshits and Monica Lam",
  title = "Finding security vulnerabilities in java applications with static
analysis",
  booktitle = "Usenix Security",
  year = 2005
}


@inproceedings{fine-msr:oakland11,
  author = "Arjun Guha and Matthew Fredrikson and Benjamin Livshits and Nikhil
Swamy",
  title = "Verified Security for Browser Extensions",
  booktitle = "IEEE S\&P",
  year = 2011
}



@InProceedings{dom2011,
  author ="Simon Holm Jensen and Magnus Madsen and Anders M\o{}ller",
  title = "{Modeling the {HTML} {DOM} and Browser {API} in Static Analysis of
{J}ava{S}cript Web Applications}",
  booktitle = "Proc. 8th joint meeting of the European Software Engineering
Conference and the ACM SIGSOFT Symposium on the Foundations of Software
Engineering (ESEC/FSE)",
  year =         2011
 
}

@inproceedings{webJS:issta11,
  author = "Salvatore Guarnieri and Marco Pistoia and Omer Tripp and Julian
Dolby and Stephen Teilhet and Ryan Berg",
  title = "Saving the world wide web from vulnerable JavaScript",
  booktitle = "ISSTA",
  year = 2011
}

@inproceedings{vex:usenix10,
  author = "Sruthi Bandhakavi and Samuel T. King and P. Madhusudan and Marianne Winslett",
  title = "VEX: Vetting Browser Extensions For Security Vulnerabilities",
  booktitle = "Usenix Security",
  year = 2010
}

@article{vex:cacm11,
  author = "Sruthi Bandhakavi and Samuel T. King and P. Madhusudan and Marianne Winslett",
  title = "Vetting Browser Extensions For Security Vulnerabilities with {VEX}",
  journal = "CACM",
	volume = 54,
	number = 9,
	month = Sep,
  year = 2011
}
	

@inproceedings{sabre:acsac09,
  author = "Mohan Dhawan and Vinod Ganapathy",
  title = "Analyzing Information Flow in JavaScript based Browser Extensions",
  booktitle = "ACSAC",
  year = 2009
}

@inproceedings{toronto:usenix10,
  author = "Vladan Djeric and  Ashvin Goel",
  title = "Securing Script-Based Extensibility inWeb Browsers",
  booktitle = "Usenix Security",
  year = 2010
}

@inproceedings{googlechrome:ndss10,
  author = "Adam Barth and Adrienne Porter Felt and Prateek Saxena and Aaron Boodman",
  title = "Protecting Browsers from Extension Vulnerabilities",
  booktitle = "NDSS",
  year = 2010
}


@inproceedings{crom:nsdi10,
  author = "J. Mickens and J. Elson and J. Howell and J. Lorch",
  title = "{Crom}: {Faster} {Web} Browsing using Speculative Execution",
  booktitle = "NSDI",
  year = 2010
}

@inproceedings{whaley04cloning,
  author = "John Whaley and Monica S. Lam",
  title = "Cloning-Based Context-Sensitive Pointer Alias Analysis
           Using Binary Decision Diagrams",
  booktitle = "Proceedings of the Conference on Programming Language
               Design and Implementation",

  year = 2004
}


@article{ss75,
  author = "J. H. Saltzer and M. D. Schroeder",
  title = "The Protection of Information in Computer Systems",
  journal = "Proceedings of the IEEE",
  volume = 63,
  number = 9,
  pages = "1278--1308",
  month = "September",
  year = 1975
}

@misc{greasemonkey,
  title = "Greasespot: The weblog about {Greasemonkey}",
  note = "\url{http://www.greasespot.net}"
}

@misc{firebug,
  title = "Firebug: {Web} development evolved",
  note = "\url{http://getfirebug.com}"
}

@misc{noscript,
  title = "{NoScript}---\js\ blocker for a safer {Firefox} experience",
  note = "\url{http://noscript.net}"
}



@misc{xpcom,
  title = "XPCOM",
  author = "Mozilla Developer Network",
  note = "\url{developer.mozilla.org/en/XPCOM}"
}
@misc{destructuring,
  title = "destructuring assignment",
  author = "Mozilla Developer Network",
  note =
"\url{
developer.mozilla.org/en/New_in_JavaScript_1.7#Destructuring_assignment_
%28Merge_into_own_page.2Fsection%29}"
}


@misc{es5,
  title = "ECMAScript 5",
  author = "ECMAScript Committee",
  note =
"\url{www.ecma-international.org/publications/standards/Ecma-262.htm}"
}

@article{ssa,
 author = {Cytron, Ron and Ferrante, Jeanne and Rosen, Barry K. and Wegman, Mark
N. and Zadeck, F. Kenneth},
 title = {Efficiently computing static single assignment form and the control
dependence graph},
 journal = {ACM Trans. Program. Lang. Syst.},
 volume = {13},
 issue = {4},
 month = {October},
 year = {1991},
 issn = {0164-0925},
 pages = {451--490},
 numpages = {40},
 url = {http://doi.acm.org/10.1145/115372.115320},
 doi = {http://doi.acm.org/10.1145/115372.115320},
 acmid = {115320},
 publisher = {ACM},
 address = {New York, NY, USA},
 keywords = {control dependence, control flow graph, def-use chain, dominator,
optimizing compilers},
} 



@misc{cross-origin-xhr,
  title = "{HTTP} Access Control",
  author = "Mozilla Developer Center",
  note = "\url{developer.mozilla.org/En/HTTP_access_control}"
}
@misc{rhino,
  title = "Rhino",
  author = "Mozilla",
  note = "\url{www.mozilla.org/rhino/}"
}



@misc{WALA,
  title = "Watson Libraries for Analysis",
  author = "IBM Watson",
  note = "\url{wala.sourceforge.net/wiki/index.php/Main_Page}"
}


@misc{WALA-IR,
  title = "WALA IR",
  author = "IBM Watson",
  note = "\url{wala.sourceforge.net/wiki/index.php/UserGuide:IR}"
}

@misc{DES,
  title = "Datalog Educational System",
  author = "Rafael Caballero-Roldán and Yolanda García-Ruiz and Fernando
Sáenz-Pérez",
  note = "\url{www.fdi.ucm.es/profesor/fernan/des/}"
}

@misc{datalog,
  title = "Datalog",
  author = "Jay McCarthy",
  note = "\url{docs.racket-lang.org/datalog/}"
}


@misc{commonJS,
  title = "CommonJS module system",
  author = "Kevin Dangoor",
  note = "\url{www.commonjs.org/}"
}

@misc{pref-module,
  title = "Preferences-service module",
  author = "Jetpack",
  note =
"\url{addons.mozilla.org/en-US/developers/docs/sdk/1.2/packages/api-utils/docs
/preferences-service.html}"
}

@misc{pref-xpcom,
  title = "nsIPreferenceService",
  author = "Mozilla Developer Network(MDN)",
  note =
"\url{developer.mozilla.org/en/nsIPrefService}"
}

https://

@misc{jsmenu,
  title = "\js\ Widgets/Menu",
  note = "\url{jswidgets.sourceforge.net}"
}

@misc{picpuz,
  author = "Orangoo Labs",
  title = "Sortable list widget",
  note = "\url{orangoo.com/AJS/examples/sortable_list.html}"
}

@misc{gspell,
  author = "Orangoo Labs",
  title = "{GoogieSpell}: {Gmail} like spell checker for your own application",
  note = "\url{orangoo.com/labs/GoogieSpell}",
}

@misc{noxspell,
  author = "Orangoo Labs",
  title = "{Nox} Spell Server: {Python} Aspell Server",
  note = "\url{http://orangoo.com/labs/GoogieSpell/Download/Nox_Spell_Server/}"
}

@misc{gbox,
  author = "Orangoo Labs",
  title = "{GreyBox}: A Popup Window that Doesn't Suck",
  note = "\url{orangoo.com/labs/GreyBox}",
}

@misc{cpicker,
  title = "JQuery {UI} Slider Plugin",
  note = "\url{jqueryui.com/demos/slider}",
}

@misc{dom-level,
  title = "Document Object Model Events",
  author = "World-wide {Web} Consortium",
  note = "\url{http://www.w3.org/TR/DOM-Level-2-Events/events.html}",
  month = "Nov",
  year = 2000
}

@misc{ecma,
  title = "{ECMAScript} Language Specifications, {ECMA-262}, $5^{th}$ Edition",
  author = "ECMA International",
  month = "Dec",
  year = 2009
}



@inproceedings{stagedif:pldi09,
  author = "R. Chugh and J. Meister and R. Jhala and S. Lerner",
  title = "Staged Information Flow in {\js}",
  booktitle = "ACM SIGPLAN PLDI",
  year = 2009
}

@inproceedings{wrappers:esorics09,
  author = "S. Maffeis and J. C. Mitchell and A. Taly",
  title = "Isolating {\js} with Filters, Rewriting and Wrappers",
  booktitle = "ESORICS",
  year = 2009
}

@inproceedings{language:csf09,
  author = "S. Maffeis and A. Taly",
  title = "Language Based Isolation of Untrusted {\js}",
  booktitle = "IEEE CSF",
  year = 2009
}

@inproceedings{semantics:aplas08,
  author = "S. Maffeis and J. C. Mitchell and A. Taly",
  title = "An Operational Semantics for {\js}",
  booktitle = "APLAS",
  month = "October",
  year = 2008
}

@inproceedings{mmt10,
  author = "S. Maffeis and J. C. Mitchell and A. Taly",
  title = "Object Capabilities and Isolation of Untrusted {Web} Applications",
  booktitle = "IEEE S\&P",
  year = 2010
}

@InProceedings{  reynolds-definitional-notes,
  author  = "John C. Reynolds",
  title    = "Definitional Interpreters for Higher-Order Programming Languages",
  pages    = "717--740",
  crossref  = "acm1972",
  note    = "Reprinted as \cite{reynolds-definitional}",
  volume  = 2,
  abstract  = "Higher-order programming languages (i.e., languages in which procedures or labels can occur as values) are usually defined by interpreters which are themselves written in a programming language based on the lambda
      calculus (i.e., an applicative language such as pure LISP). Examples include McCarthy's definition of LISP, Landin's SECD machine, the Vienna definition of PL/I, Reynolds' definitions of GEDANKEN, and recent unpublished
      work by L. Morris and C. Wadsworth. Such definitions can be classified according to whether the interpreter contains higher-order functions, and whether the order of application (i.e., call-by-value versus call-by-name) in
      the defined language depends upon the order of application in the defining language. As an example, we consider the definition of a simple applicative programming language by means of an interpreter written in a similar
      language. Definitions in each of the above classifications are derived from one another by informal but constructive methods. The treatment of imperative features such as jumps and assignment is also discussed."
}

@Article{  reynolds-definitional,
  author  = "John C. Reynolds",
  title    = "Definitional Interpreters for Higher-Order Programming Languages",
  journal  = "Higher-Order and Symbolic Computation",
  year    = 1998,
  volume  = 11,
  number  = 4,
  pages    = "363--397",
  url    = "http://www.brics.dk/~hosc/local/HOSC-11-4-pp363-397.pdf ftp://ftp.cs.cmu.edu/user/jcr/defint.ps.gz",
  abstract  = "Higher-order programming languages (i.e., languages in which procedures or labels can occur as values) are usually defined by interpreters that are themselves written in a programming language based on the lambda calculus
      (i.e., an applicative language such as pure LISP). Examples include McCarthy's definition of LISP, Landin's SECD machine, the Vienna definition of PL/I, Reynolds' definitions of GEDANKEN, and recent unpublished work by L.
      Morris and C. Wadsworth. Such definitions can be classified according to whether the interpreter contains higher-order functions, and whether the order of application (i.e., call by value versus call by name) in the
      defined language depends upon the order of application in the defining language. As an example, we consider the definition of a simple applicative programming language by means of an interpreter written in a similar
      language. Definitions in each of the above classifications are derived from one another by informal but constructive methods. The treatment of imperative features such as jumps and assignment is also discussed.",
  keywords  = "programming language, language definition, interpreter, lambda calculus, applicative language, higher-order function, closure, order of application, continuation, LISP, GEDANKEN, PAL, SECD machine, J-operator, reference"
}

@Article{  plotkin-call,
  author  = "Gordon D. Plotkin",
  title    = "Call-by-Name, Call-by-Value and the $\lambda$-Calculus",
  journal  = "Theor. Comp. Sci.",
  year    = 1975,
  volume  = 1,
  number  = 2,
  pages    = "125--159",
  url    = "http://homepages.inf.ed.ac.uk/gdp/publications/cbn_cbv_lambda.pdf"
}

@InProceedings{  gasbichler-final,
  author  = "Martin Gasbichler and Michael Sperber",
  title    = "Final Shift for Call/cc: Direct Implementation of Shift and Reset",
  pages    = "271--282",
  crossref  = "icfp2002",
  url    = "http://www-pu.informatik.uni-tuebingen.de/users/sperber/papers/shift-reset-direct.ps.gz http://www-pu.informatik.uni-tuebingen.de/users/sperber/papers/shift-reset-direct.pdf",
  abstract  = "We present a direct implementation of the shift and reset control operators in the Scheme 48 system. The new implementation improves upon the traditional technique of simulating shift and reset via call/cc. Typical
      applications of these operators exhibit space savings and a significant overall performance gain. Our technique is based upon the popular incremental stack/heap strategy for representing continuations. We present
      implementation details as well as some benchmark measurements for typical applications."
}

@InProceedings{  kiselyov-delimited,
  author  = {O. Kiselyov and Shan, C-C. and A. Sabry},
  title    = "Delimited Dynamic Binding",
  pages    = "26--37",
  crossref  = "icfp2006",
  url    = "http://www.cs.rutgers.edu/~ccshan/dynscope/"
}

@Proceedings{  icfp2002,
  key    = "{\relax ICFP}",
  title    = "ICFP",
  booktitle  = "ICFP",
  address  = pub_acm_addr,
  publisher  = pub_acm,
  year    = 2002,
  location  = "Pittsburgh, PA"
}

@Proceedings{  icfp2006,
  key    = "{\relax ICFP}",
  title    = "ICFP",
  booktitle  = "ICFP",
  address  = pub_acm_addr,
  publisher  = pub_acm,
  year    = 2006,
  location  = "Portland, OR"
}

@inproceedings{mashupos,
 author = {Wang, H. J. and Fan, X. and Howell, J. and Jackson, C.},
 title = {Protection and communication abstractions for web browsers in
{MashupOS}},
 booktitle = {ACM SOSP},
 year = {2007},
 }


@inproceedings{porter:operating:sosp:2009,
  author  = {Porter, D. E. and Hofmann, O. S. and Rossbach, C. J. and Benn, A. and Witchel, E.},
  title    = {Operating Systems Transactions},
  booktitle  = {ACM SOSP},
  year    = {2009},
}

@InProceedings{Seltzer:osdi96,
  author = "M. I. Seltzer and Y. Endo and C. Small and K. A. Smith",
  title = "Dealing With Disaster: Surviving Misbehaved Kernel Extensions",
  booktitle = "OSDI",
  year = 1996,
}

@inproceedings{  conscript:oak10,
  author  = "L. Meyerovich and B. Livshits",
  title    = "ConScript: {Specifying} and Enforcing Fine-Grained Security
Policies for \js\ in the Browser",
  booktitle  = "IEEE S\&P",
  year    = 2010,
}

@article{  fbjs,
  author  = "Facebook",
  title    = "{FBJS} - {Facebook} DeveloperWiki",
  year    = 2007,
}

@Article{caja,
  author  = "M. S. Miller and M. Samuel and B. Laurie and I. Awad and M. Stay",
  title    = "Caja: {Safe} active content in sanitized \js",
  note = "Manuscript",
  year    = 2008,
}

@Article{  caja_review,
  author  = "Google",
  title    = "Caja External Security Review",
  note = "Manuscript",
  year    = 2009,
}

@Article{  adsafe,
  author  = "D. Crockford",
  title    = "{ADsafe} - {Making} \js\ Safe for Advertising",
  note    = "\url{adsafe.org}"
}

@misc{  mootools,
  title  = "MooTools--a compact \js\ framework",
  note    = "\url{mootools.net}",
}

@misc{  dom,
  title  = "Document Object Model",
  note    = "\url{www.w3.org/DOM}",
}

@misc{pull291,
  title  = "Jetpack addon refactoring oversights",
  note    = "\url{https://github.com/mozilla/addon-sdk/pull/291}",
}

@misc{jetpack,
  title  = "Jetpack",
  note    = "\url{https://wiki.mozilla.org/Jetpack}",
}

@misc{xul,
  title  = "XUL",
  note    = "\url{https://developer.mozilla.org/En/XUL}",
}

@misc{customizable,
  title  = "Customizable Shortcuts",
  note    =
"\url{https://addons.mozilla.org/en-US/firefox/addon/customizable-shortcuts/L}",
}


@misc{pola,
  title  = "Principle of least authority",
  note   = "\url{http://en.wikipedia.org/wiki/Principle_of_least_privilege}",
}

@misc{jetpack_pola,
  title  = "Jetpack Security Model",
  note   = "\url{https://wiki.mozilla.org/Labs/Jetpack/JEP/29}",
}

@misc{addon-sdk,
  title  = "Jetpack SDK",
  note   = "\url{https://addons.mozilla.org/en-US/developers/docs/sdk/1.3/}",
}

@article{browsershield,
 author = {Reis, C. and Dunagan, J. and Wang, H. J. and Dubrovsky, O. and Esmeir, S.},
 title = {BrowserShield: Vulnerability-driven filtering of dynamic {HTML}},
 journal = {ACM Trans. Web},
 volume = {1},
 number = {3},
 year = {2007},
 issn = {1559-1131},
 pages = {11},
 publisher = {ACM},
 address = {New York, NY, USA},
 }

@inproceedings{provos_hotbots2007,
 author = {Provos, N. and McNamee, D. and Mavrommatis, P. and Wang, K. and Modadugu, N.},
 title = {The ghost in the browser analysis of web-based malware},
 booktitle = {First HotBots workshop},
 year = {2007},
 }

@PhDThesis{  felleisen-calculi,
  author  = "M. Felleisen",
  title    = "The Calculi of $\lambda_v$-{CS} Conversion: A Syntactic Theory of Control and State in Imperative Higher-Order Programming Languages",
  school  = "Comp. Sci. Dept., Indiana Univ.",
  year    = 1987,
}

@INPROCEEDINGS{see:ndss05,
    author = {W. Sun and Z. Liang and R. Sekar and V. N. Venkatakrishnan},
    title = {One-way Isolation: An Effective Approach for Realizing Safe Execution Environments},
    booktitle = {NDSS},
    year = {2005},
}

@inproceedings{corescript:popl07,
  title = "\js\ instrumentation for browser security",
  author = "D. Yu and A. Chander and N. Islam and I. Serikov",
  booktitle = "ACM POPL",
  year = 2007
}

@inproceedings{phung:asiaccs09,
  title = "Lightweight Self-Protecting \js",
  author = "P. Phung and D. Sands and A. Chudnov",
  booktitle = "ASIACCS",
  year = 2009
}


@inproceedings{views:www10,
  author = "L. Meyerovich and A. Porter Felt and M. S. Miller",
  title = "Object Views: {Fine}-Grained Sharing in Browsers",
  booktitle = "WWW",
  year = 2010
}

@inproceedings{gatekeeper:sec09,
  author = "S. Guarnieri and B. Livshits",
  title = "{GateKeeper}: {Mostly} Static Enforcement of Security and
  Reliability Policies for \js\ Code",
  booktitle = "USENIX Security",
  year = 2009
}

@inproceedings{leaks:ndss10,
  author = "M. Finifter and J. Weinberger and A. Barth",
  title = "Preventing Capability Leaks in Secure \js\ Subsets",
  booktitle = "NDSS",
  year = 2010
}

@misc{jquery,
  title = "{jQuery}: The Write Less, Do More, \js\ Library",
  note = "\url{jquery.com}"  
}

@misc{ajs,
  title = "{AJS}: The ultra lightweight \js\ library",
  note = "\url{http://orangoo.com/labs/AJS/}"  
}

@misc{html5,
  title = "{The Validator.nu HTML Parser}",
  note = "\url{http://blog.whatwg.org/html5-live-dom-in-javascript}"  
}

@inproceedings{ccc_06,
  author = "S. Di Paola and G. Fedon",
  title = "Subverting {Ajax}: {Next} generation vulnerabilities in 2.0 {Web}
Applications",
  booktitle = "23rd Chaos Communication Congress",
  year = 2006
}


@inproceedings{washizaki,
 author = {Washizaki, H. and Kubo, A. and Mizumachi, T. and Eguchi, K. and
 Fukazawa, Y. and Yoshioka, N. and Kanuka, H. and Kodaka, T. and Sugimoto, N.
 and Nagai, Y. and Yamamoto, R.},
 title = {{AOJS}: {Aspect-oriented} \js\ programming framework for Web development},
 booktitle = {Intl. wkshp. Aspects, components, and patterns for infrastructure software},
 year = {2009},
}


@misc{dojo_secure,
  title = "Secure Mashups with dojox.secure.",
  author = "Kris Zyp",
  note = "\url{http://www.sitepen.com/blog/2008/08/01/secure-mashups-with-dojoxsecure/.}"  
}

@misc{Mozilla_content_policy,
  title = "Mozilla Wiki. Content Security Policy Spec.",
  note = "\url{https://wiki.mozilla.org/Security/CSP/Spec}"  
}

@misc{jacaranda,
  title = "Jacaranda Language Specification draft 0.46.",
  author = "David-Sarah Hopwood",
  note = "\url{http://jacaranda.org/jacaranda-spec-0.46.txt}"  
}

@InProceedings{gatekeeper,
  title        = "Gatekeeper: Mostly Static Enforcement of Security and Reliability Policies for \js\ Code",
  author       = "Salvatore Guarnieri and Benjamin Livshits",
  year         = "2009",
  month        = aug,
  booktitle    = "Proceedings of the Usenix Security Symposium",
}


@inproceedings{aplas08,
 author = {Kikuchi, Haruka and Yu, Dachuan and Chander, Ajay and Inamura, Hiroshi and Serikov, Igor},
 title = {\js\ Instrumentation in Practice},
 booktitle = {APLAS '08: Proceedings of the 6th Asian Symposium on Programming Languages and Systems},
 year = {2008},
 isbn = {978-3-540-89329-5},
 pages = {326--341},
 location = {Bangalore, India},
 doi = {http://dx.doi.org/10.1007/978-3-540-89330-1_23},
 publisher = {Springer-Verlag},
 address = {Berlin, Heidelberg},
 }


 @inproceedings{popl06,
 author = {Dantas, Daniel S. and Walker, David},
 title = {Harmless advice},
 booktitle = {POPL '06: Conference record of the 33rd ACM SIGPLAN-SIGACT symposium on Principles of programming languages},
 year = {2006},
 isbn = {1-59593-027-2},
 pages = {383--396},
 location = {Charleston, South Carolina, USA},
 doi = {http://doi.acm.org/10.1145/1111037.1111071},
 publisher = {ACM},
 address = {New York, NY, USA},
 }
 
 @INPROCEEDINGS{mets:hotos07,
    author = {U. Erlingsson and B. Livshits and Y. Xie},
    title = {End-to-end {Web} application security},
    booktitle = {HotOS},
    year = {2007}
}

@inproceedings{beep,
  author = {Jim, T. and Swamy, N. and Hicks, M.},
  title = {Defeating script injection attacks with browser-enforced embedded policies},
  booktitle = {WWW},
  year = {2007}
}
 
@inproceedings{guha,
  author = {Guha, A. and Krishnamurthi, S. and Jim, T.},
   title = {Using static analysis for {Ajax} intrusion detection},
  booktitle = {WWW},
  year = {2009},
}
 
@inproceedings{1485369,
  author = {Kikuchi, H. and Yu, D. and Chander, A. and Inamura, H. and Serikov, I.},
  title = {\js\ Instrumentation in Practice},
  booktitle = {APLAS},
   year = {2008},
}

@INPROCEEDINGS{adsandbox,
  author = {Louw, M. T. and Ganesh, K. T. and Venkatakrishnan, V.N.},
  title = {Ad Sandbox: {Practical} Enforcement of Confidentiality and Integrity Policies On {Web} Advertisements},
  booktitle = {USENIX Security (to appear)},
  year = {2010}
}

@inproceedings{chrome:ndss12,
	title = "Chrome Extensions: Threat Analysis and Countermeasures",
	author = "Lei Liu, Xinwen Zhang, Guanhua Yan and Songqing Chen",
	booktitle = "NDSS",
	year = 2012
}

