@inproceedings{prdc10,
	author = "Y. Kinebuchi and T. Nakajima and V. Ganapathy and L. Iftode",
	title = "Core-Local Memory Assisted Protection (Fast Abstract)",
	booktitle = "16th Pacific Rim International Symp. on Dependable
	Computing",
	pages = "233-234",
	month = "Dec",
	year = 2010
}

@inproceedings{rtcsa11,
	author = "N. Li and Y. Kinebuchi and T. Nakajima",
	title = "Enhancing Security of Embedded Linux on a Multi-core Processor",
	booktitle = "IEEE 27th International Conf. on Embedded and Real-time
	Computing Systems and Applications",
	pages = "117-121",
	month = "Aug",
	year = 2011
}
}

@inproceedings{copilot:sec04,
  author    = {N. L. Petroni  and
               T. Fraser and
               J. Molina and
               W. A. Arbaugh},
  title     = {Copilot:  a Coprocessor-based Kernel Runtime Integrity Monitor},
  booktitle = {USENIX Security Symp.},
	pages = "179-194",
  year      = {2004},
}

@inproceedings{hooksafe:ccs09,
  title = "Countering Kernel Rootkits with Lightweight Hook Protection",
  author = "Z. Wang and X. Jiang and W. Cui and P. Ning",
  booktitle = "ACM Conf. on Computer and Communications Security",
	pages = "545-554",
  year = 2009
}

@inproceedings{kop:ccs09,
  author = "M. Carbone and W. Cui and L. Lu and W. Lee and M. Peinado and X.
  Jiang",
  title = "Mapping Kernel Objects to Enable Systematic Integrity Checking",
  booktitle = "ACM Conf. on Computer and Communications Security",
	pages = "555-565",
  year = 2009
}  

@inproceedings{sbcfi:ccs07,
 author = {N. L. Petroni and M. Hicks},
 title = {Automated detection of persistent kernel control-flow attacks},
 booktitle = {ACM Conf. on Computer and Communications Security},
 pages = "103-115",
 year = {2007},
 }


@inproceedings{dynspec:sec06,
  author    = {N. L. Petroni and T. Fraser and A. Walters and W. A. Arbaugh},
  title     = {An Architecture for Specification-Based Detection of Semantic Integrity Violations in Kernel Dynamic Data},
  booktitle = {USENIX Security Symp.},
	pages = "289-304",
  year      = {2006},
}



@inproceedings{zhang:sigops02,
 author = {X. Zhang and L. van Doorn and T. Jaeger and R. Perez and R. Sailer},
 title = {Secure coprocessor-based intrusion detection},
 booktitle = {10th ACM SIGOPS European workshop: beyond the PC},
 pages = "239-242",
 year = {2002},
 }

@inproceedings{osck:asplos11,
 author = {O. S. Hofmann and A. M. Dunn and S. Kim  and I. Roy and E. Witchel},
 title = {Ensuring Operating System Kernel Integrity with {OSck}},
 booktitle = { 16th Conf. on Architectural Support for Programming
Languages and Operating Systems},
 pages = "279-290", 
 year = {2011}
} 


@inproceedings{stealth:oak07,
 author = {A. Baliga and P. Kamat and L. Iftode},
 title = {Lurking in the Shadows: Identifying Systemic Threats to Kernel Data},
 booktitle = {IEEE Symp. on Security and Privacy},
 pages = "246-251",
 year = {2007},
}

@article{gibraltar:tdsc:2011,
  author = "A. Baliga and V. Ganapathy and L. Iftode",
  title = "Detecting Kernel-level Rootkits using Data Structure Invariants",
  journal = "IEEE Transactions on Dependable and Secure Computing"
,
  volume = 8,
  number = 5,
	month = "Sep/Oct",
  pages = "670--684",
  year = 2011
}

@inproceedings{patagonix:sec08,
  author = "L. Litty and H. A. Lagar-Cavilla and D. Lie",
  title = "Hypervisor Support for Identifying Covertly Executing Binaries",
  booktitle = "17th USENIX Security Symp.",
 pages = "243-258", 
  year = 2008
}

@techreport{a72,
  author = "J. P. Anderson",
  title = "Computer Security Technology Planning Study, Volume {II}",
  institution = "Deputy for Command and Management Systems",
  number = "ESD-TR-73-51",
  address = "L. G. Hanscom Field, Bedford, MA",
  
  year = 1972
}

@inproceedings{hypersafe:oak10,
  author = "Z. Wang and X. Jang",
  title = "HyperSafe: A Lightweight Approach to Provide Lifetime Hypervisor
  Control-Flow Integrity",
  booktitle = "IEEE Symp. on Security and Privacy",
  pages = "380-395", 
  year = 2010
}

@inproceedings{nohype:isca10,
  author = "E. Keller and J. Szefer and J. Rexford and R. Lee",
  title = "NoHype: Virtualized Cloud Infrastructure without the Virtualization",
  booktitle = "International Symp. on Computer Architecture",
	pages = "350-361",
  year = 2010
}

@misc{okl4,
  title = "{OKL4} Microvisor: {Open} Kernel Labs",
  note = "\url{www.ok-labs.com/products/okl4-microvisor}"
}

@inproceedings{xenarm,
  title = "{{Xen} on {ARM}: System Virtualization Using {Xen} Hypervisor for
  {ARM}-Based Secure Mobile Phones}",
  author = "J. Hwang and S. Suh and  S. Heo and  C. Park and J. Ryu and  S. Park and C. Kim",
  booktitle = "Consumer Communications and Networking Conf.",
 pages = "257-261", 
  year = "2008"
}

@misc{vmwaremobile,
  title="{VMware Mobile Virtualization Platform}",
  howpublished="\url{www.vmware.com/technology/mobile/}",
}

@inproceedings{Nishii:2007p1222,
  Author = {O. Nishii and I. Nonomura and Y. Yoshida and K. Hayase and S.
	Shibahara and Y. Tsujimoto and M. Takada and T. Hattori},
  booktitle = {IEEE Asian Solid-State Circuits Conf., 2007.},
  Title = {Design of a 90nm {4-CPU} 4320MIPS {SoC} with individually managed
  frequency and {2.4GB/s} multi-master on-chip interconnect},
	pages = "18-21",
  Year = {2007},
}

@article{intel:mpspec,
  Author = {Intel},
  Title = {MultiProcessor Specification},
  Year = {2007},
  note =
  "\url{www.intel.com/design/archives/processors/pro/docs/242016.htm}", 
}

@INPROCEEDINGS{Bickford10,
 AUTHOR = "J. Bickford and R. O'Hare and A. Baliga and V. Ganapathy and L. Iftode",
 TITLE = "{Rootkits on Smart Phones: Attacks, Implications and Opportunities}",
 BOOKTITLE = "{Workshop on Mobile Computing Systems and Applications}",
 pages = "49-54",
 MONTH = "February",
 YEAR = 2010
}

@misc{iphone-rootkit,
  booktitle = "ToorCon: San Diego's hacker conference",
  author = "E. Monti",
  Howpublished = {\url{sandiego.toorcon.org/index.php?option=com_content&task=view&id=48&Itemid=9}},
  title = "{iPhone Rootkit? There's an App for That}",
  
  year = 2010
}

@misc{android-rootkit,
  author = "N. Percoco and C. Papathanasiou",
  title = "{This Is Not the Droid You're Looking For...}",
  Howpublished = {\url{www.defcon.org/images/defcon-18/dc-18-presentations/Trustwave-Spiderlabs/DEFCON-18-Trustwave-Spiderlabs-Android-Rootkit-WP.pdf}},
  booktitle = "Defcon-18 Conf.",
  
  year = 2010,
}

@inproceedings{vehicle:oak10,
  author = "K. Koscher and A. Czeskis and F. Roesner and S. Patel and T. Kohno
  and S. Checkoway and D. McCoy and B. Kantor and D. Anderson and H. Shacham
  and S. Savage",
  title = "Experimental Security Analysis of a Modern Automobile",
  booktitle = "IEEE Symp. on Security and Privacy",
  
  year = 2010
}

@misc{xv6,
  author = "R. Cox and M. F. Kaashoek and R. T. Morris",
  title = "{Xv6}, a simple {Unix}-like teaching operating system",
  note = "\url{pdos.csail.mit.edu/6.828/xv6}"
}

@misc{CVE-2007-4993,
  author = "{CVE}-2007-4993",
  title = "{Xen} guest root can escape to domain 0 through pygrub",
}

@misc{CVE-2007-5497,
  author = "{CVE}-2007-5497",
  title = "Multiple integer overflows in libext2fs in e2fsprogs",
}

@misc{CVE-2008-1943,
  author = "{CVE}-2008-1943",
  title = "Buffer overflow in the backend of {Xen}Source {Xen} Para Virtualized Frame Buffer",
}

@misc{CVE-2008-2100,
  author = "{CVE}-2008-2100",
  title = "VMWare buffer overflows in VIX API let local users execute arbitrary code in host OS",
}

@misc{CVE-2008-0923,
  author = "{CVE}-2008-0923",
  title = "Directory traversal vulnerability in the Shared Folders feature for VMWare",
}

@misc{Xbox,
  title = "Xbox 360 hypervisor privilege escalation vulnerability",
  year = 2007,
  note = "\url{www.h-online.com/security/news/item/Xbox-360-hack-was-the-real-deal-732391.html}"
}

@inproceedings{blackhat09,
  author = "{K. Kortchinsky}",
  title = "Hacking 3D (and Breaking out of VMWare)",
  booktitle = "BlackHat USA",
  year = 2009
}

@inproceedings{blackhat08,
  author = "{R. Wojtczuk}",
  title = "Subverting the {Xen} hypervisor",
  booktitle = "BlackHat USA",
  year = 2008
}

@misc{intel:scc1,
	key = "Intel",
  title = "The {SCC} Programmer's Guide revision 0.61 - {Intel} Research",
  note =
  "\url{techresearch.intel.com/spaw2/uploads/files/SCCProgrammersGuide.pdf}",
  year = "2010"
}

@misc{intel:scc2,
	key = "Intel",
  title = "The {SCC} Platform Overview - {Intel} Research",
  note =
  "\url{techresearch.intel.com/spaw2/uploads/files/SCC_Platform_Overview.pdf}",
  year = 2010
}

@inproceedings{intel:scc3,
	key = "Intel",
  title = "Single Chip Cloud Computer: {An} experimental many-core processor
  from {Intel} Labs",
  booktitle = "Intel Labs Single-chip Cloud Computer Symp.",
  
	pages = "",
  year = 2010,
  note = "\url{communities.intel.com/servlet/JiveServlet/downloadBody/5075-102-1-8132/SCC_Sympossium_Mar162010_GML_final.pdf}"
}

@misc{vmwareapi,
  author = "VMWare",
  title = "{VMsafe} Partner Program",
  note = "\url{www.vmware.com/go/vmsafe}"
}

@misc{xenaccess,
	key = "XenAccess",
  title = "xenaccess - {A} virtual machine introspection library for {{Xen}}",
  note = "\url{code.google.com/p/xenaccess}",
}

@inproceedings{secvisor:sosp07,
  author = "A. Seshadri and M. Luk and N. Qu and A. Perrig",
  title = "{SecVisor: A Tiny Hypervisor to Provide Lifetime Kernel Code Integrity for Commodity OSes}",
  booktitle = "{ACM Symp. on Operating Systems Principles}",
  
  year = 2007
}

@article{jiang:ccs07,
  author = "X. Jiang and X. Wang and D. Xu",
  title = "Stealthy Malware Detection through {VMM}-based `Out-of-the-box'
  Semantic View Reconstruction",
  journal = "{ACM Transactions on Information and System Security}",
	volume = 13,
	number = 2,
	pages = "12",
  year = 2010
}

@misc{cortex,
  Author = {ARM},
  Howpublished = {\url{www.arm.com/products/processors/cortex-a/cortex-a9.php}},
  Title = {Cortex-A9 Processor}
}

@misc{lgoptimus,
  note =
  "\url{www.lg.com/global/press-release/article/lg-launches-world-first-and-fastest-dual-core-smartphone.jsp}",
  title = "{LG} launches world's first and fastest dual-core smartphone",
  
  year = 2010
}

@misc{myrinetcard,
    title = "Myricom: Pioneering High Performance Computing",
    howpublished = "\url{www.myri.com}"
}

@inproceedings{pciattack,
  author    = {J. Rutkowska},
  title     = {Beyond the {CPU}: {Defeating} Hardware based {RAM} Acquisition,
  part {I}: {AMD} case},
  booktitle = {Blackhat Conf.},
  year      = {2007},
}

@inproceedings{chennoble:hotos01,
  author = "P. M. Chen and B. Noble",
  title = "When Virtual is Better than Real",
  booktitle = "Workshop on Hot Topics in Operating Systems",
  year = 2001
}

@misc{inteltxt,
  author = "Intel Corporation",
  title = "{LaGrande} technology preliminary
  architecture specification",
  note = "Intel Publication no. D52212", 
  
  year = 2006
}

@misc{amdsvm,
  author = "Advanced Micro Devices",
  title = "{AMD64} virtualization: {Secure} virtual machine architecture
  reference manual",
  note = "AMD Publication no. 33047 rev. 3.01",
  
  year = 2005,
}


@techreport{shype,
  author = "R. Sailer and E. Valdez and T. Jaeger and R. Perez and
  L. van Doorn and J. Griffin and S. Berger",
  title = "{sHype}: Secure Hypervisor Approach to Trusted Virtualized Systems",
  institution = "IBM Research",
  number = "RC23511",
  year = 2005
}

@inproceedings{flicker:eurosys08,
  author = "J. McCune and B. Parno and A. Perrig and M. Reiter and H. Isozaki",
  title = "Flicker: An Execution Infrastructure for {TCB} Minimization",
  booktitle = "ACM EuroSys",
	pages = "315-328",
  
  year = 2008
}

@inproceedings{vmi:ndss03,
 author = "T. Garfinkel and M. Rosenblum",
 title = "A Virtual Machine Introspection Based Architecture for Intrusion Detection",
 booktitle = "Network and Distr. Systems Security Symp.",
 year = "2003",
 }


@inproceedings{subvirt:oak06,
    author = "S. King and P. Chen and Y. Wang and C. Verblowski and
    H. J. Wang and J. R. Lorch",
    title = "SubVirt: Implementing Malware with Virtual Machines",
    booktitle = "IEEE Symp. on Security and Privacy",
		pages = "314-327",
    year = 2006
}

@inproceedings{gateway:ndss11,
  author = "A. Srivastava and J. Giffin",
  title = "Efficient monitoring of untrusted kernel-mode execution",
  booktitle = "Networked and Distributed systems security symposium",
  year = 2011
}

@misc{unixbench,
	key = "UNIX",
  title = "byte-unixbench: A {Unix} benchmark suite",
  note = "\url{http://code.google.com/p/byte-unixbench}"
}

@misc{packetStorm,
 title = "Packet Storm",
  note = "\url{http://packetstormsecurity.org/UNIX/penetration/rootkits/}"
} 

@inproceedings{trustvisor:oak10,
 author =    {J. M. Mc{C}une and Y. Li and N. Qu and
               Z. Zhou and A. Datta and V. Gligor and
               A. Perrig},
  title =     {{TrustVisor}: Efficient {TCB} Reduction and Attestation},
  booktitle = {IEEE Symp. on Security and Privacy},
  pages = "143-158", 
  month =     may,
  year =      2010
}

@inproceedings{SK10,
  author={U. Steinberg and B. Kauer},
  title = {{NOVA: A Microhypervisor-Based Secure Virtualization Architecture}},
  booktitle = {{ACM Eurosys}},
	pages = "209-222",
  month  = apr,
  year = {2010},
}

@inproceedings{nohype:ccs11,
  author = "E. Keller and J. Szefer and J. Rexford and R. Lee",
  title = "Eliminating the Hypervisor Attack Surface for a More Secure Cloud",
  booktitle = "ACM Conf. on Computer and Communications Security",
	pages = "401-412",
  year = 2011
}

@inproceedings{Klein09,
  author = "G. Klein and K. Elphinstone and G. Heiser and J. Andronick and D. Cock and P. Derrin and D. Elkaduwe and K. Engelhardt and R. Kolanski and M. Norrish and T. Sewell and H. Tuch and S. Winwood",
  title = "{seL4: Formal Verification of an OS Kernel}",
  booktitle = "{ACM Symp. on Operating Systems Principles}",
	pages = "207-220",
  month = Oct,
  year = 2009
}

@inproceedings{Murray08,
  author =       "D. Murray and G. Milos and S. Hand",
  title =        "{Improving Xen Security Through Disaggregation}",
  booktitle =    "{ACM Intl. Conf. on Virtual Execution Environments}",
	pages = "151-160",
  month =        mar,
  year =         2008
}

@inproceedings{Colp11,
  author = "P. Colp and M. Nanavati and J. Zhu and W. Aiello and G. Coker and
	T. Deegan and P. Loscocco and A. Warfield",
  title = "{Breaking Up is Hard to Do: Security and Functionality in a Commodity Hypervisor }",
  booktitle = "{ACM Symp. on Operating Systems Principles}",
	pages = "189-202",
  month = oct,
  year = 2011
}

@inproceedings{digging:osdi08,
	title = "Digging for Data Structures",
	author = "A. Cozzie and F. Stratton and H. Xue and S. T. King",
	booktitle = "ACM/USENIX Symp. on Operating Systems Design and Implementation",
	pages = "255-266",
	year = 2008
}

@inproceedings{bitvisor:vee09,
  author    = {Takahiro Shinagawa and
               Hideki Eiraku and
               Kouichi Tanimoto and
               Kazumasa Omote and
               Shoichi Hasegawa and
               Takashi Horie and
               Manabu Hirano and
               Kenichi Kourai and
               Yoshihiro Oyama and
               Eiji Kawai and
               Kenji Kono and
               Shigeru Chiba and
               Yasushi Shinjo and
               Kazuhiko Kato},
  title     = {BitVisor: a thin hypervisor for enforcing i/o device security},
  booktitle = {ACM Intl. Conf. on Virtual Execution Environments},
  year      = {2009},
  pages     = {121-130},
}

@inproceedings{compare:date07,
  author    = {Isabelle Puaut and
               Christophe Pais},
  title     = {Scratchpad memories versus locked caches in hard real-time systems:
               a quantitative comparison},
  booktitle = {DATE},
  year      = {2007},
  pages     = {1484-1489},
}

@inproceedings{scratchpad:codes02,
    author = {Rajeshwari Banakar and 
              Stefan Steinke and 
              Bo-sik Lee and 
              M. Balakrishnan and 
              Peter Marwedel},
    title = {Scratchpad Memory: A Design Alternative for Cache On-chip memory 
            in Embedded Systems},
    booktitle = {In Tenth International Symp. on Hardware/Software Codesign 
                (CODES)},
    year = {2002},
    pages = {73--78},
    publisher = {ACM}
}

@inproceedings{cachelock:rtss02,
    author={Puaut, I. and Decotigny, D.},
    title={Low-complexity algorithms for static cache locking in multitasking 
            hard real-time systems},
    booktitle={Real-Time Systems Symp., 2002. RTSS 2002. 23rd IEEE}, 
    year={2002},
    pages={ 114 - 123},
}

@inproceedings{cachelock:ieee01,
    author = {Marti Campoy and A. Perles Ivars and J. V. Busquets Mataix},
    title = {Static Use of Locking Caches in Multitask Preemptive Real-Time 
                Systems},
    booktitle = {IEEE/IEE Real-Time Embedded Systems Workshop },
    year = {2001}
}

@inproceedings{cachelock:sigmetrics03,
    author = {Vera, X. and Lisper, B. and Xue, J.},
    title = {Data cache locking for higher program predictability},
    booktitle = {2003 ACM SIGMETRICS international 
                conference on Measurement and modeling of computer systems},
    year = {2003},
    pages = {272--282},
    publisher = {ACM},
} 

@misc{BSP:2000,
 author = {M. Jayakumar},
 title = {Bootstrap processor selection architecture in {SMP} system},
 year = {2000},
 month = {Aug},
 day = {22},
 number = {US Patent 6108781},
}

