@inproceedings{ckg05,
	author = "M. Christodorescu and N. Kidd and W. Goh",
	title = "String Analysis for {x86} Binaries",
	booktitle = "Proceedings of the 6th ACM SIGPLAN-SIGSOFT Workshop on Program
	Analysis for Software Tools and Engineering (PASTE 2005)",
	month = "September",
	year = 2005
}

@inproceedings{cj03,
	author = "M. Christodorescu and S. Jha",
	title = "Static Analysis of Executables to Detect Malicious Patterns",
	booktitle = "Proceedings of the USENIX Security Symposium",
	month = "August",
	year = 2003
}

@inproceedings{cjssb05,
	author = "M. Christodorescu and S. Jha and S. Seshia and D. Song and R.
	Bryant",
	title = "Semantics-aware Malware Detection",
	booktitle = "Proceedings of the 2005 IEEE Symposium on Security and Privacy",
	month = "May",
	year = 2005
}

@misc{winpcap,
  title        = "{WinPcap}",
  howpublished = "\url{http://www.winpcap.org/}"
}

@misc{bleedingsnort,
  title        = "{The Bleeding Edge of Snort - Open Snort Signatures}",
  howpublished = "\url{http://www.bleedingsnort.com/}"
}

@misc{snort,
  title        = "{Snort: Open source intrusion detection/prevention system}",
  howpublished = "\url{http://www.snort.org}"
}

@misc{libnids,
  title        = "{LibNIDS 1.17 Win32 Port}",
  howpublished = "\url{http://www.checksum.org/cso/downloads/}"
}

@misc{iwebbrowser2,
  title        = "{IWebBrowser2 Interface}",
  howpublished = "\url{http://msdn.microsoft.com/workshop/browser/webbrowser/reference/ifaces/iwebbrowser2/iwebbrowser2.asp}"
}

@misc{bro,
  title        = "{Bro Intrusion Detection System}",
  howpublished = "\url{http://bro-ids.org}"
}


@techreport{honeymonkey,
  title       ="Automated Web Patrol with {Strider HoneyMonkeys}: {Finding} Web Sites That Exploit Browser Vulnerabilities",
  author      ="Yi-Min Wang and Doug Beck and Xuxian Jiang and Roussi Roussev",
  institution ="Microsoft",
  type        ="Technical Report",
  number      ="MSR-TR-2005-72",
  month       = August,
  year        = 2005
}
   
@inproceedings{webtap,
  author    = "Kevin Borders and Atul Prakash", 
  title     = "{Web Tap}: {Detecting} Covert Web Traffic",
  booktitle = "Proceedings of the 11th ACM Conference on Computer and Communications Security", 
  month     = "October",
  year      = 2004
}

@misc{honeyclient,
  title        ="Honeyclient Development Project",
  howpublished ="\url{http://www.honeyclient.org/}"
}

@inproceedings{honeymonkeyNDSS06,
  author    = "Yi-Min Wang and Doug Beck and Xuxian Jiang and Roussi Roussev and Chad Verbowski and Shuo Chen and Sam King", 
  title     = "Automated Web Patrol with {Strider HoneyMonkeys}: {Finding} Web Sites That Exploit Browser Vulnerabilities",
  booktitle = "Proceedings of the Networked and Distributed System Security Symposium", 
  month     = "February",
  year      = 2006
}

@book{CLRS,
  title     = "Introduction to Algorithms",
  author    = "Cormen, Thomas H. and Charles E. Leiserson and Ronald L. Rivest and Clifford Stein",
  year      = {2001},
  isbn      = {0-262-03293-7},
  edition   = second,
  publisher = {MIT Press},
  address   = {Cambridge, MA, USA},
}

@inproceedings{cox-Oakland-06,
  title     = "A Safety-Oriented Platform for Web Applications",
  author    = "Richard S. Cox and Jacob Gorm Hansen and Steven D. Gribble and Henry M. Levy",
  booktitle = "Proceedings of the 2006 IEEE Symposium on Security and Privacy",
  location  = {Oakland, CA},
  month     = {May},
  year      = {2006}
}
