@article{ko,
    author = "Calvin Ko and George Fink and Karl Levitt",
    title = "Automated detection of vulnerabilities in privileged programs by execution monitoring",
    booktitle = "Proceedings of the 10th Annual Computer Security Applications Conference",
    publisher = "IEEE Computer Society Press",
    address = "Orlando, FL",
    pages = "134--144",
    year = "1994"
}

@article{ Spec-Mon,
    author = "P. Uppuluri and R. Sekar",
    title = "{Experiences with Specification-Based Intrusion Detection System}",
    journal = "Lecture Notes in Computer Science",
    volume = "2212",
    pages = "172--188",
    year = "2001"
}

@inproceedings{ BMSL,
    author = "R. Sekar and Y. Guang and S. Verma and T. Shanbhag",
    title = "{A High-Performance Network Intrusion Detection System}",
    booktitle = "{ACM} Conference on Computer and Communications Security",
    pages = "8-17",
    year = "1999"
}

@techreport{ Worm,
    author = "E. H. Spafford",
    title = "{The Internet Worm Program: An Analysis}",
    number = "Purdue Technical Report CSD-TR-823",
    address = "West Lafayette, IN 47907-2004",
    year = "1988"
}

@article{Virus,
    author="F. Cohen",
    title="{Computer Viruses - Theory and Experiments}",
    journal="Computers and Security",
    volume="6",
    pages="22--35",
    year="1987"
}

@article{mcgrawmorrisett2000-taxonomy,
  author  =  {G. McGraw and G. Morrisett},
  title   =  {Attacking Malicious Code: Report to the {Infosec} Research Council},
  journal =  {IEEE Software},
  volume  =  {17},
  number  =  {5},
  month   =  {September/October},
  year    =  {2000},
  pages   =  {33 -- 41}
}

@InProceedings{ christodorescujha_testing2004,
  author = 	 {Mihai Christodorescu and Somesh Jha},
  title = 	 {Testing Malware Detectors},
  booktitle = 	 {Proceedings of the 2004 ACM SIGSOFT International Symposium on Software Testing and Analysis (ISSTA 2004)},
  pages =	 {34--44},
  year =	 2004,
  address =	 {Boston, MA, USA},
  month =	 jul,
  publisher =	 {ACM Press},
  isbn =         {1-58113-820-2}
}
