@techreport{a72,
  author = "J. P. Anderson",
  title = "Computer Security Technology Planning Study, Volume {II}",
  institution = "Deputy for Command and Management Systems, HQ Electronics
  Systems Division (AFSC)",
  number = "ESD-TR-73-51",
  address = "L. G. Hanscom Field, Bedford, MA",
  month = Oct,
  year = 1972
}

@inproceedings{bss+95,
  author = "L. Badger and D. Sterne and D. Sherman and K. Walker and
  S. Haghighat",
  title = "A domain and type enforcement {UNIX} prototype",
  booktitle = "5$^{th}$ USENIX UNIX Security",
  month = Jun,
  year = 1995
}

@phdthesis{c04,
  author = "H. Chen",
  title = "Lightweight Model Checking for Improving Software Security",
  school = "University of California, Berkeley",
	month = "Fall",
  year = 2004
}

@inproceedings{ecc+00,
  author = "D. Engler and B. Chelf and A. Chou and S. Hallem",
  title = "Checking System Rules using System-Specific Programmer-Written
  Compiler Extensions",
  booktitle = "4$^{th}$ ACM/USENIX OSDI",
  month = Dec,
  year = 2000
}
  
@inproceedings{faa99,
  author = "J. S. Foster and M. Fahndrich and A. Aiken",
  title = "A Theory of Type Qualifiers",
  booktitle = "ACM SIGPLAN PLDI",
  month = May,
  year = 1999
}

@book{gj79,
  author = "M. R. Garey and D. S. Johnson",
  title = "Computers and Intractability",
  publisher = "Freeman",
  address = "New York, NY",
  year = 1979
}

@book{ge03,
	author = "L. Gong and G. Ellison",
	title = "Inside {Java}$^{TM}$ 2 Platform Security: {Architecture}, {API}
	Design, and Implementation",
	year = 2003,
	publisher = "Pearson Education"
}

@article{ghr03,
  author = "J. D. Guttman and A. L. Herzog and J. D. Ramsdell and C. W.
  Skorupka",
  title = "Verifying Information Flow Goals in Security-Enhanced {Linux}",
  journal = "JCS",
  volume = 13,
  number = 1,
  pages = "115--134",
  month = "",
  year = 2005
}

@misc{idioms,
  key = "idioms",
  title = "Example Idioms",
  note = "\url{www.cs.wisc.edu/$\sim$vg/papers/ccs2005a/idioms.html}"
}

@article{jez04,
  author = "T. Jaeger and A. Edwards and X. Zhang",
  title = "Consistency Analysis of Authorization Hook Placement in the {Linux}
  Security Modules Framework",
  journal = "ACM TISSEC",
  volume = "7",
  number = "2",
  pages = "175--205",
  month = May,
  year = 2004
}


@inproceedings{jsz03,
  author = "T. Jaeger and R. Sailer and X. Zhang",
  title = "Analyzing Integrity Protection in the \selinux\ Example Policy",
  booktitle = "12$^{th}$ USENIX Security",
  month = Aug,
  year = 2003
}
  
@techreport{ksv03,
  author = "D. Kilpatrick and W. Salamon and C. Vance",
  title = "Securing the {X} {Window} System with {SELinux}",
  institution = "NAI Labs",
  number = "03-006",
  month = Mar,
  year = 2003
}
  
@article{k76,
  author = "J. C. King",
  title = "Symbolic execution and program testing",
  journal = "CACM", 
  volume = 19,
  number = 7, 
  pages = "385--394",
  month = Jul,
  year = 1976
}
  
@inproceedings{kpk02,
  author = "L. Koved and M. Pistoia and A. Kershenbaum",
  title = "Access Rights Analysis for {Java}",
  booktitle = "ACM SIGPLAN OOPSLA",
  month = Nov,
  year = 2002
}
  
@techreport{ocaml,
  author = "X. Leroy and D. Doligez and J. Garrigue and D. R\'{e}my and 
  J. Vouillon",
  title = "{The Objective Caml system (release 3.08)}",
  institution = "INRIA Rocquencourt",
  month = Jul,
  year = 2004
}

@misc{lids,
  key = "lids",
  title = "Linux Intrusion Detection System",
  note = "\url{http://www.lids.org}"
}

@inproceedings{ls01a,
  author = "P. Loscocco and S. Smalley",
  title = "Integrating Flexible Support for Security Policies into the {Linux}
  Operating System",
  booktitle = "USENIX Annual Technical",
  month = Jun,
  year = 2001
}
  
@inproceedings{ls01b,
  author = "P. Loscocco and S. Smalley",
  title = "Meeting Critical Security Objectives with Security-Enhanced {Linux}",
  booktitle = "Ottawa Linux Symposium",
  month = Jul,
  year = 2001
}

@inproceedings{mxb+05,
  author = "D. Mandelin and L. Xu and R. Bodik and D. Kimelman",
  title = "Jungloid Mining: {Helping} to Navigate the {API} Jungle",
  booktitle = "ACM SIGPLAN PLDI",
  month = Jun,
  year = 2005
}

@article{m90,
  author = "J. McLean",
  title = "The Specification and Modeling of Computer Security",
  journal = "IEEE Computer",
  volume = 23,
  number = 1,
  pages = "9--16",
  year = 1990
}

@book{m97,
  author = "S. S. Muchnick",
  title = "Advanced Compiler Design and Implementation",
  publisher = "Morgan Kaufmann",
  year = 1997,
}

@inproceedings{nmr+02,
  author = "G. C. Necula and S. McPeak and S. P. Rahul and W. Weimer",
  title = "{CIL:} {Intermediate} Language and Tools for Analysis and
  Transformation of {C} Programs",
  booktitle = "11$^{th}$ Intl. Conf. on Compiler Construction",
  month = Apr,
  year = 2002,
}

@misc{nsa,
  key = "nsa",
  title = "Security-Enhanced {Linux}",
  note = "\url{http://www.nsa.gov/selinux}"
}

@inproceedings{sp81,
  author = "M. Sharir and A. Pnueli",
  title = "Two Approaches to Interprocedural Dataflow Analysis",
  booktitle = "Program Flow Analysis: Theory and Applications",
  editor = "S. Muchnick and N. Jones",
  pages = "189--233",
  publisher = "Prentice Hall",
  year = 1981
}

@misc{simplify,
  key = "simplify",
  title = "Simplify",
  note = "\url{http://research.compaq.com/SRC/esc/Simplify.html}"
}

@techreport{svs01,
  author = "S. Smalley and C. Vance and W. Salamon",
  title = "Implementing {SELinux} as a {Linux} Security Module",
  institution = "NAI Labs",
  number = "01-043",
  month = Dec,
  year = 2001,
}

@inproceedings{ssl+99,
  author = "R. Spencer and S. Smalley and P. Loscocco and M. Hibler and D.
  Andersen and J. Lapreau",
  title = "The {Flask} Architecture: {System} Support for Diverse Security
  Policies",
  booktitle = "8$^{th}$ USENIX Security",
  month = Aug,
  year = 1999
}

@misc{tresys,
  author = "Tresys Technology",
  title = "Security-enhanced {Linux} Policy Management Framework",
  note = "\url{http://sepolicy-server.sourceforge.net}"
}

@inproceedings{wcs+02,
  author = "C. Wright and C. Cowan and S. Smalley and J. Morris and G.
  Kroah-Hartman",
  title = "{Linux} Security Modules: {General} Security Support for the 
  {Linux} Kernel",
  booktitle = "11$^{th}$ USENIX Security",
  month = Aug,
  year = 2002
}

@inproceedings{zej02,
  author = "X. Zhang and A. Edwards and T. Jaeger",
  title = "Using {CQUAL} for Static Analysis of Authorization Hook Placement",
  booktitle = "11$^{th}$ USENIX Security",
  month = Aug,
  year = 2002
}


