@inproceedings{Barham03,
  author =       "P. Barham and B. Dragovic and K. Fraser and S. Hand and T.
  Harris and A. Ho and R. Neugebauer and I. Pratt and A. Warfield",
  title =        "{Xen and the Art of Virtualization}",
  booktitle =    "{ACM SOSP}",
  year =         2003
}

@inproceedings{Ryzhyk09,
  author =       "Leonid Ryzhyk and Peter Chubb and Ihor Kuz and Etienne Le Sueur and Gernot Heiser",
  title =        "{Device Driver Synthesis with Termite}",
  booktitle =    "{ACM SOSP}",
  year =         2009
}

@inproceedings{Murray08,
  author =       "D. Murray and G. Milos and S. Hand",
  title =        "{Improving Xen Security Through Disaggregation}",
  booktitle =    "{ACM VEE}",
  year =         2008
}

@inproceedings{Hand05,
  author =       "S. Hand and A. Warfield and K. Fraser and E. Kotsovinos and
  D. Magenheimer",
  title =        "{Are VMMs Microkernels Done Right?}",
  booktitle =    "{HotOS}",
  year =         2005
}

@inproceedings{Klein09,
  author = "G. Klein and K. Elphinstone and G. Heiser and J. Andronick and D. Cock and P. Derrin and D. Elkaduwe and K. Engelhardt and R. Kolanski and M. Norrish and T. Sewell and H. Tuch and S. Winwood",
  title = "{seL4: Formal Verification of an OS Kernel}",
  booktitle = "{ACM SOSP}",
  year = 2009
}

@inproceedings{Litty09,
  author = "L. Litty and H. A. Lagar-Cavilla and D. Lie",
  title = "{Computer Meteorology: Monitoring Compute Clouds}",
  booktitle = "{HotOS}",
  year = 2009
}

@inproceedings{Litty08,
  author = "L. Litty and H. A. Lagar-Cavilla and D. Lie",
  title = "{Hypervisor Support for Identifying Covertly Executing Binaries}",
  booktitle = "{USENIX Security}",
  year = 2008
}

@inproceedings{Williams11, 
  author =     {D. Williams and E. Elnikety and M. Eldehiry and H. Jamjoom and H. Huang and H. Weatherspoon}, 
  title =    "{Unshackle the Cloud!}", 
  booktitle =    "{HotCloud}", 
  date =     "June", 
  year =     2011 
}

@inproceedings{XenBlanket,
  author = {D. Williams and H. Jamjoom and H. Weatherspoon},
  title = "{The Xen-Blanket: Virtualize Once, Run Everywhere}",
  booktitle = "EuroSys",
  year = 2012
}

@inproceedings{Dunlap02, 
  author =     {G. Dunlap and S. T. King and S. Cinar and M. Basrai and P. Chen}, 
  title =    "{ReVirt: Enabling Intrusion Analysis through Virtual-Machine Logging and Replay}", 
  booktitle =    "{USENIX/ACM OSDI}", 
  year =     2002 
}

@inproceedings{WALDSPURGER02, 
  author =     {C. A. Waldspurger}, 
  title =    "{Memory Resource Management in VMWare ESX Server}", 
  booktitle =    "{USENIX/ACM OSDI}", 
  date =     dec, 
  year =     2002 
}

@article{Baliga08,
  author = "A. Baliga and V. Ganapathy and L. Iftode",
  title = "Detecting Kernel-level Rootkits using Data Structure Invariants",
  journal = "IEEE TDSC",
  volume = "8",
  number = "5",
	year = 2011
}


@inproceedings{Zhang11,
  author = "F. Zhang and J. Chen and H. Chen and B. Zang",
  title = "{CloudVisor: Retrofitting Protection of Virtual Machines in Multi-tenant Cloud with Nested Virtualization}",
  booktitle = "{ACM SOSP}",
  year = 2011
}

@inproceedings{Colp11,
  author = "P. Colp and M. Nanavati and J. Zhu and W. Aiello and G. Coker and
  T. Deegan and P. Loscocco and A. Warfield",
  title = "{Breaking Up is Hard to Do: Security and Functionality in a Commodity Hypervisor}",
  booktitle = "{ACM SOSP}",
  year = 2011
}

@inproceedings{LeVasseur04,
  author = "J. LeVasseur and V. Uhlig and J. Stoess and S. Gotz",
  title = "{Unmodified Device Driver Reuse and Improved System Dependability via Virtual Machines}",
  booktitle = "{ACM/USENIX OSDI}",
  year = 2004
}
@inproceedings{Berger06,
  author = "S. Berger and R. Caceres and K. Goldman and R. Perez and R. Sailer
  and L. van Door",
  title = "{vTPM: Virtualizing the Trusted Platform Module}",
  booktitle = "{USENIX Security}",
  year = 2006
}

@inproceedings{Santos09,
  author = "N. Santos and K. Gummadi and R. Rodrigues",
  title = "{Towards Trusted Cloud Computing}",
  booktitle = "{HotCloud}",
  year = 2009
}

@inproceedings{Garriss08,
  author = "Scott Garriss and Ramon Caceres and Stefan Berger and Reiner Ailer and Leendert van Dorn and Xiaolan Zhang",
  title = "{Trustworthy and Personalized Computing on Public Kiosks}",
  booktitle = "{ACM Mobisys}",
  year = 2008
}

@inproceedings{Sailer04,
  author = "R. Sailer and X. Zhang and T. Jaeger and L. van Doorn",
  title = "Design and Implementation of a {TCG}-based Integrity Measurement Architecture",
  booktitle = "USENIX Security",
  year = 2004
}

@inproceedings{Sailer05,
  author = "R. Sailer and T. Jaeger and E. Valdez and R. Caceres and R. Perez
  and S. Berger and J. Griffin and L. van Doorn",
  title = "{Building a MAC-based Security Architecture for the Xen Hypervisor}",
  booktitle = "{ACSAC}",
  year = 2005
}

@inproceedings{Payne07,
  author = {B. Payne and M. Carbone and W. Lee},
  title = "{Secure and Flexible Monitoring of Virtual Machines}",
  booktitle = "{ACSAC}",
  year = 2007
}

@inproceedings{Kauer07,
  author = "B. Kauer",
  title = "{OSLO: Improving the Security of Trusted Computing}",
  booktitle = "{USENIX Security}",
  year = 2007
}

@misc{mcaffee,
  Author = "{McAffee}",
  howpublished = {\url{http://www.mcafee.com/us/partners/global-alliances/vmware.aspx}},
  Title = "{VMware McAffee Global Alliances}",
}

@misc{DCSec,
  Author = "{CSO Online}",
  howpublished = {\url{http://www.csoonline.com/article/220665/19-ways-to-build-physical-security-into-a-data-center}},
  Title = "{19 Ways toBuild Physical security into a Data Center}",
}

@misc{Chassis,
  Author = "{Dell}",
  howpublished = {\url{support.dell.com/support/edocs/systems/opgx620/en/ug/A02/chsintr0.htm}},
  Title = "{Chassis Intrussion Switch}",
}

@misc{IntelVPro,
  Author = "{Intel}",
  howpublished = {\url{www.intel.com/vPro }},
  Title = "{vPro}",
}

@misc{Selinux,
  Author = "{NSA}",
  howpublished = {\url{www.nsa.gov/research/selinux}},
  Title = "{Security Enhanced Linux}",
}

@misc{LPC,
  Author = "{root labs rdist}",
  howpublished = {\url{rdist.root.org/2007/07/16/tpm-hardware-attacks}},
  Title = "{TPM Hardware Attacks}",
}

@misc{SMM,
  Author = "{InfoWorld}",
  howpublished = {\url{www.infoworld.com/d/security-central/hackers-find-new-place-hide-rootkits-252}},
  Title = "{Hackers Find a New Place to Hide Rootkits}",
}

@misc{IOMMU,
  Author = "{Wikipedia}",
  howpublished = {\url{en.wikipedia.org/wiki/IOMMU}},
  Title = "{IOMMU}",
}

@misc{TPM,
  Author = "{Wikipedia}",
  howpublished = {\url{en.wikipedia.org/wiki/Trusted_Platform_Module}},
  Title = "{Trusted Platform Module}",
}

@misc{TCG,
  Author = "{Trusted Computing Group}",
  howpublished = {\url{http://www.trustedcomputinggroup.org}},
}

@misc{EC2,
  Author = "{Amazon EC2}",
  howpublished = {\url{http://aws.amazon.com/ec2}},
}

@misc{Gartner,
  Author = "{Gartner}",
  howpublished = {\url{http://www.gartner.com/DisplayDocument?id=685308}},
  Title = "{Assesing the Security Risks of Cloud Computing}",
}

@misc{CVE,
  Author = "{NIST}",
  howpublished = {\url{nvd.nist.gov}},
  Title = "{National Vulnerability Database}",
}

@inproceedings{kortchinsky:blackhat09,
  author = "{K. Kortchinsky}",
  title = "Hacking {3D} (and Breaking out of {VMWare})",
  booktitle = "BlackHat USA",
  year = 2009
}

@misc{cve:2007-4993,
  author = "CVE-2007-4993",
  title = "{Xen} guest root escapes to dom0 via pygrub",
}

@misc{cve:2007-5497,
  author = "CVE-2007-5497",
  title = "Integer overflows in libext2fs in e2fsprogs",
}

@misc{cve:2008-1943,
  author = "CVE-2008-1943",
  title = "Buffer overflow in the backend of {XenSource} {Xen} ParaVirtualized Frame Buffer",
}

@misc{cve:2008-2100,
  author = "CVE-2008-2100",
  title = "{VMWare} buffer overflows in {VIX} {API} let local
  users execute arbitrary code in host {OS}",
}

@misc{cve:2008-0923,
  author = "CVE-2008-0923",
  title = "Directory traversal vulnerability in the Shared Folders feature for {VMWare}",
}

@inproceedings{chennoble:hotos01,
  author = "P. M. Chen and B. Noble",
  title = "When Virtual is Better than Real",
  booktitle = "HotOS",
  year = 2001
}

@inproceedings{Clark05,
author={C. Clark and K. Fraser and S. Hand and J. G. Hansen and E. Jul and C. Limpach and I. Pratt and A. Warfield},
title = {{Live Migration of Virtual Machines}},
booktitle = "{USENIX NSDI}",
year = {2005},
}

@inproceedings{SK10,
author={U. Steinberg and B. Kauer},
title = {{NOVA: A Microhypervisor-Based Secure Virtualization Architecture}},
booktitle = {ACM Eurosys},
year = {2010},
}

@inproceedings{GPC+03,
  author    = {T. Garfinkel and B. Pfaff and J. Chow and M. Rosenblum
and D. Boneh},
  title     = {Terra: A Virtual Machine-Based Platform for Trusted Computing},
  booktitle = {ACM SOSP},
  year      = {2003},
}

@inproceedings{CSS+09,
author= {M. Christodorescu and R. Sailer and D. Schales and D. Sgandurra and D. Zamboni},
title=  {{Cloud Security Is Not (Just) Virtualization Security}},
booktitle={ACM Cloud Computing Security Workshop},
year=   2009
}

@inproceedings{IPS+11,
  author = {L. Ingram and I. Popov and S. Setty and M. Walfish},
  title = {Repair from a chair: Computer repair as a cloud service},
  booktitle={HotOS},
  year = "2011",
}

@misc{hyperv,
author="{Microsoft}",
title="{Hyper-V Architecture}",
howpublished="\url{http://msdn.microsoft.com/en-us/library/cc768520(BTS.10).aspx}",
}

@inproceedings{trustvisor:oak10,
 author =    {J. M. Mc{C}une and Y. Li and N. Qu and
               Z. Zhou and A. Datta and V. Gligor and
               A. Perrig},
  title =     {{TrustVisor}: Efficient {TCB} Reduction and Attestation},
  booktitle = {IEEE S\&P},
  year =      2010
}

@inproceedings{secvisor:sosp05,
  author = "A. Seshadri and M. Luk and N. Qu and A. Perrig",
  title = "{SecVisor: A Tiny Hypervisor to Provide Lifetime Kernel Code Integrity for Commodity OSes}",
  booktitle = "{ACM SOSP}",
  year = 2007
}

@inproceedings{nohype:isca10,
  author = "E. Keller and J. Szefer and J. Rexford and R. Lee",
  title = "NoHype: Virtualized Cloud Infrastructure without the Virtualization",
  booktitle = "ISCA",
  year = 2010
}

@inproceedings{nohype:ccs11,
  author = "E. Keller and J. Szefer and J. Rexford and R. Lee",
  title = "Eliminating the Hypervisor for a More Secure Cloud",
  booktitle = "ACM CCS",
  year = 2011
}

@inproceedings{hypersafe:oak10,
  author = "Z. Wang and X. Jiang",
  title = "HyperSafe: A Lightweight Approach to Provide Lifetime Hypervisor
  Control-Flow Integrity",
  booktitle = "IEEE S\&P",
  year = 2010
}

@article{nooks,
  author = "M. M. Swift and B. N. Bershad and H. M. Levy",
  title = "Improving the Reliability of Commodity Operating Systems",
  journal = "ACM TOCS",
  volume = "23",
  number = "1",
  month = Feb,
  year = 2005
}

@inproceedings{vmi:ndss03,
 author = "T. Garfinkel and M. Rosenblum",
 title = "A Virtual Machine Introspection Based Architecture for Intrusion Detection",
 booktitle = "NDSS",
 year = "2003",
 }


@inproceedings{SG08,
author = {A. Srivastava and J. Giffin},
title = {Tamper-Resistant, App-Aware Blocking of Malicious Network Connections},
booktitle = {RAID},
year = {2008},
}

@inproceedings{PCS+08,
    title = {Lares: An Architecture for Secure Active Monitoring Using
Virtualization},
    author = {B. Payne and M. Carbone and M. Sharif and W. Lee},
    booktitle = {IEEE S\&P},
    year = 2008,
}

@inproceedings{SK94,
  author = "Gene H. Kim and Eugene H. Spafford",
  title = "The design and implementation of tripwire: a file system integrity checker",
  booktitle = "ACM CCS",
  year = 1994
}

@inproceedings{turtles:osdi10,
  author = "M. Ben-Yahuda and M. D. Day and Z. Dubitsky and M. Factor and N.
  Har'El and A. Gordon and A. Liguori and O. Wasserman and B. Yassour",
  title = "The {Turtles} Project: {Design} and Implementation of Nested
  Virtualization",
  booktitle = "USENIX/ACM OSDI",
  year = 2010
}

@inproceedings{tpmvtpm:acsac11,
  author = "B. Danev and R. Masti and G. Karame and S. Capkun",
  title = "Enabling secure {VM-vTPM} migration in private clouds",
  booktitle = "ACSAC",
  year = 2011
}

@phdthesis{giffin:phd06,
  author = "J. T. Giffin",
  title = "Model Based Intrusion Detection System Design and Evaluation",
  school = "University of Wisconsin-Madison",
  year = 2006
}

@misc{unixbench,
  title = "byte-unixbench: A {Unix} benchmark suite",
  note = "\url{http://code.google.com/p/byte-unixbench}"
}

@inproceedings{kauer:dcdv11,
  author = "B. Kauer and P. Verissimo and A. Bessani",
  title = "Recursive Virtual Machines for Advanced Security Mechanisms",
  booktitle = "Intl. Wkshp. Dep. of Clouds, Data
  Centers \& Virt. Comp. Env.",
  year = 2011
}

@inproceedings{excalibur:sec12,
  author = "N. Santos and R. Rodrigues and K. Gummadi and S. Saroiu",
  title = "Policy-sealed Data: {A} New Abstraction for Building Trusted Cloud
  Services",
  booktitle = "USENIX Security",
  year = 2012
}

@inproceedings{SRG12,
author="A. Srivastava and H. Raj and J. Giffin and P. England",
title="Trusted {VM} Snapshots in Untrusted Cloud Infrastructures",
booktitle="RAID",
year=2012
}

@inproceedings{seed:ccsw10,
  author = "J. Schiffman and T. Moyer and H. Vijayakumar and T. Jaeger and P.
  McDaniel",
  title = "Seeding clouds with Trust Anchors",
  booktitle = "ACM Cloud Computing Security Workshop",
  year = 2010
}

@misc{tpmv12,
  author = "Trusted Computing Group",
  title = "{TPM} Main Spec., L2 V1.2 R116",
  howpublished =
  "\url{http://www.trustedcomputinggroup.org/resources/tpm_main_specification}"
}
  
@inproceedings{sadeghi:isc08,
  author = "A-R. Sadeghi and C. Stuble and M. Winandy",
  title = "Property-based {TPM} Virtualization",
  booktitle = "Information Security Conf.",
  year = 2008
}

@inproceedings{nagarajan:nss09,
  author = "A. Nagarajan and V. Varadarajan and M. Hitchens and E. Gallery",
  title = "Property-based Attestion and Trusted Computing: {Analysis} and
  Challenges",
  booktitle = "Intl. Conf. on Network and System Security",
  year = 2009
}

@inproceedings{la:sosp11,
  author = "E. Gun Sirer and W. de Bruijn and P. Reynolds and A. Shieh and
    K. Walsh and D. Walsh and F. B Schneider",
  title = "{Logical Attestation}: {An} Authorization Architecture for
    Trustworthy Computing",
  booktitle = "ACM SOSP",
  year = 2011
}

@inproceedings{trust12:ivp,
	author = "J. Schiffman and H. Vijayakumar and T. Jaeger",
	title = "Verifying System Integrity by Proxy",
	booktitle = "TRUST",
	year = 2012
}

@inproceedings{vmwall:raid08,
  author    = {A. Srivastava and
               J. T. Giffin},
  title     = {Tamper-Resistant, Application-Aware Blocking of Malicious
               Network Connections},
  booktitle = {RAID},
  year      = {2008},
}

@inproceedings{alibi:vee13,
  author    = {C. Chen and
               P. Maniatis and
               A. Perrig and
               A. Vasudevan and
               V.Sekar},
  title     = {Verifiable resource accounting for outsourced computation},
  booktitle = {VEE},
  year      = {2013},
}

@inproceedings{hourglass:ccs12,
  author    = {Marten van Dijk and
               Ari Juels and
               Alina Oprea and
               Ronald L. Rivest and
               Emil Stefanov and
               Nikos Triandopoulos},
  title     = {Hourglass schemes: how to prove that cloud files are encrypted},
  booktitle = {ACM CCS},
  year      = {2012},
}

@inproceedings{cloudproof:atc11,
    author = {Popa, Raluca Ada and Lorch, Jacob R. and Molnar, David and Wang, Helen J. and Zhuang, Li},
    title = {Enabling security in cloud storage SLAs with CloudProof},
    booktitle = {Proceedings of the 2011 USENIX conference on USENIX annual technical conference},
    year = {2011},
    pages = {31--31},
} 

@article{stratos:corr13,
  author    = {Aaron Gember and
               Anand Krishnamurthy and
               Saul St. John and
               Robert Grandl and
               Xiaoyang Gao and
               Ashok Anand and
               Theophilus Benson and
               Aditya Akella and
               Vyas Sekar},
  title     = {Stratos: A Network-Aware Orchestration Layer for Middleboxes
               in the Cloud},
  journal   = {CoRR},
  volume    = {abs/1305.0209},
  year      = {2013},
}

@inproceedings{cloudnaas:socc11,
  author    = {T. Benson and
               A. Akella and
               A. Shaikh and
               S. Sahu},
  title     = {CloudNaaS: a cloud networking platform for enterprise applications},
  booktitle = {SoCC},
  year      = {2011},
}

@inproceedings{pdp:ccs07,
  author    = {Giuseppe Ateniese and
               Randal C. Burns and
               Reza Curtmola and
               Joseph Herring and
               Lea Kissner and
               Zachary N. J. Peterson and
               Dawn Xiaodong Song},
  title     = {Provable data possession at untrusted stores},
  booktitle = {ACM CCS},
  year      = {2007},
  pages     = {598-609},
}

@inproceedings{remus:nsdi08,
  author    = {B. Cully and
               G. Lefebvre and
               D. Meyer and
               M. Feeley and
               N. Hutchinson and
               A. Warfield},
  title     = {Remus: High Availability via Asynchronous Virtual Machine
               Replication.},
  booktitle = {NSDI},
  year      = {2008},
}

@inproceedings{openvswitch:hotnets09,
  author    = {B. Pfaff and
               J. Pettit and
               K. Amidon and
               M. Casado and
               T. Koponen and
               S. Shenker},
  title     = {Extending Networking into the Virtualization Layer},
  booktitle = {HotNets},
  year      = {2009},
}

@misc{iperf3,
  Author = "{iperf3}",
  howpublished = {\url{http://code.google.com/p/iperf/}},
}

@misc{tcpdump,
  Author = "{TCPDump and libpcap}",
  howpublished = {\url{http://www.tcpdump.org}},
}

@misc{snort,
  Author = "{Snort}",
  howpublished = {\url{http://www.snort.org/}},
}

@misc{vmitools,
  Author = "{vmitools}",
  howpublished = {\url{http://code.google.com/p/vmitools/}},
}

@misc{openstack,
  Author = "{OpenStack}",
  howpublished = {\url{http://www.openstack.org/}},
}

@misc{opennebula,
  Author = "{OpenNebula}",
  howpublished = {\url{http://opennebula.org/}},
}

@misc{eucalyptus,
  Author = "{Eucalyptus}",
  howpublished = {\url{www.eucalyptus.com/eucalyptus-cloud/iaas}},
}

@misc{cloudstack,
  Author = "{CloudStack}",
  howpublished = {\url{http://cloudstack.apache.org/}},
}

@misc{vcloud,
  Author = "{VMware vCloud}",
  howpublished = {\url{http://www.vmware.com/products/datacenter-virtualization/vcloud-suite/overview.html}},
}
