@article{AF90,
    author =    "Mart{\'\i}n Abadi and Joan Feigenbaum",
    title =     "Secure Circuit Evaluation: A Protocol Based on Hiding Information from an Oracle",
    journal =   "Journal of Cryptology",
    volume =    "2",
    number =    "1",
    pages =     "1--12",
    year =      "1990",
}

@article{AW89,
 author =       {Nabil R. Adam and John C. Worthmann},
 title =        {Security-control methods for statistical databases: a comparative study},
 journal =      {ACM Computing Surveys},
 volume =       {21},
 number =       {4},
 year =         {1989},
 pages =        {515--556},
 publisher =    {ACM Press},
}

@article{AM85,
 author =       {Ilan Adler and Nimrod Megiddo},
 title =        {A simplex algorithm whose average number of steps is bounded between two quadratic functions of the smaller dimension},
 journal =      {Journal of the ACM},
 volume =       {32},
 number =       {4},
 year =         {1985},
 pages =        {871--895},
 publisher =    {ACM Press},
}

@inproceedings{AES03,
 author =       {Rakesh Agrawal and Alexandre Evfimievski and Ramakrishnan Srikant},
 title =        {Information sharing across private databases},
 booktitle =    {Proceedings of the 2003 ACM SIGMOD International Conference on Management of Data},
 year =         {2003},
 pages =        {86--97},
 location =     {San Diego, California},
 publisher = {ACM Press},
}

@InProceedings{AIR01,
  author =       "Bill Aiello and Yuval Ishai and Omer Reingold",
  title =        "Priced Oblivious Transfer: How to Sell Digital Goods",
  booktitle =    "Advances in Cryptology: EUROCRYPT '01",
  pages =        "119--135",
  month =        may,
  year =         "2001",
}

@book{Akl,
 author =       {Selim G. Akl},
 title =        {Parallel computation: models and methods},
 year =         {1997},
 isbn =         {0-13-147034-5},
 publisher =    {Prentice-Hall, Inc.},
}

@inproceedings{ALM90,
 author =       {S. Arora and T. Leighton and B. Maggs},
 title =        {On-line algorithms for path selection in a nonblocking network},
 booktitle =    {Proceedings of the twenty-second annual ACM symposium on Theory of computing},
 year =         {1990},
 pages =        {149--158},
 location =     {Baltimore, Maryland, United States},
 publisher =    {ACM Press},
}

@Article{ASW00,
  author =       "N. Asokan and Victor Shoup and Michael Waidner",
  title =        "Optimistic fair exchange of digital signatures",
  journal =      "IEEE Journal on Selected Areas in Communications",
  volume =       "18",
  number =       "4",
  pages =        "591--610",
  month =        apr,
  year =         "2000",
}

@InProceedings{AKD03,
  author =    "Mikhail J. Atallah and Florian Kerschbaum and Wenliang Du",
  title =     "Secure and Private Sequence Comparisions",
  booktitle = "Proceedings of the 2nd ACM Workshop on Privacy in the Electronic Society",
  caddress =  "Washington, DC, USA",
  month =     oct,
  year =      "2003",
}

@InProceedings{ABLFT04,
  author =    "Mikhail J. Atallah and Marina Bykova and Jiangtao Li and Keith B. Frikken and Mercan Topkara",
  title =     "Private Collaborative Forecasting and Benchmarking",
  booktitle = "Proceedings of the 3rd ACM Workshop on Privacy in the Electronic Society",
  caddress =  "Washington, DC, USA",
  month =     oct,
  year =      "2004",
}

@InProceedings{BagMol05,
  author =      "Walid Bagga and Refik Molva",
  title =       "Policy-Based Cryptography and Applications",
  booktitle =   "Proceedings of the 9th International Conference on Financial Cryptography and Data Security",
  month =       feb,
  year =        2005,
}

@InProceedings{BDS+03,
  author =      "Dirk Balfanz and Glenn Durfee and Narendar Shankar and Diana Smetters and Jessica Staddon and Hao-Chi Wong",
  title =       "Secret Handshakes from Pairing-Based Key Agreements",
  booktitle =   "Proceedings of the IEEE Symposium and Security and Privacy",
  month =       may,
  year =        "2003",
  pages =       "180--196",
}

@InProceedings{BR,
  author =       "Mihir Bellare and Phillip Rogaway",
  title =        "Random oracles are practical: A paradigm for designing efficient protocols",
  booktitle =    "Proceedings of the 1st ACM Conference on Computer and Communications Security",
  publisher =    "ACM Press",
  pages =        "62--73",
  year =         "1993",
}

@InProceedings{BFS04,
  author =       "Elisa Bertino and Elena Ferrari and Anna C. Squicciarini",
  title =        "Privacy-preserving trust negotiations",
  booktitle =    "Workshop on Privacy Enhancing Technologies (PET)",
  address =      "Toronto, Canada",
  month =        may,
  year =         "2004",
}

@Article{BBR99,
  title =        "Breaking generalized {Diffie-Hellman} modulo a composite is no easier than factoring",
  author =       "Eli Biham and Dan Boneh and Omer Reingold",
  journal =      "Information Processing Letters",
  volume =       "70",
  number =       "2",
  pages =        "83--87",
  year =         "1999",
}

@InProceedings{BLS,
  author =       {Dan Boneh and Ben Lynn and Hovav Shacham},
  title =        {{Short Signatures from the Weil Pairing}},
  booktitle =    {Proceedings of Asiacrypt 2001},
  volume =       2248,
  series =       {Lecture Notes in Computer Science},
  year =         2001,
  publisher =    {Springer},
  pages =        {514-32},
}

@InProceedings{BF,
  author =       {Dan Boneh and Matt Franklin},
  title =        {{Identity-Based Encryption from the Weil Pairing}},
  booktitle =    {Proceedings of Crypto 2001},
  volume =       2139,
  series =       {Lecture Notes in Computer Science},
  year =         2001,
  pages =        {213-229},
  publisher =    {Springer},
}

@article{BF01,
 author =       {Dan Boneh and Matthew Franklin},
 title =        {Efficient generation of shared {RSA} keys},
 journal =      {Journal of the ACM},
 volume =       {48},
 number =       {4},
 year =         {2001},
 pages =        {702--722},
 publisher =    {ACM Press},
}

@InProceedings{BDM98,
  author =       "Feng Bao and Robert H. Deng and Wenbo Mao",
  title =        "Efficient and Practical Fair Exchange Protocols with Off-line {TTP}",
  booktitle =    "Proceedings of the 1998 IEEE Symposium on Security and Privacy",
  publisher =    "IEEE Computer Society Press",
  pages =        "77--89",
  month =        may,
  year =         1998,
}


@InProceedings{Bea98,
  author =       {D.~Beaver},
  title =        {Server-Assisted Cryptography},
  booktitle =    {Proceedings of the 1998 New Security Paradigms Workshop},
  year =         1998,
  address =      {Charlottesville, VA USA},
  month =        {September 22-26},
  publisher =    "ACM Press",
}

@InProceedings{Bea97,
  author =       {Donald Beaver},
  title =        {Commodity-based cryptography (extended abstract)},
  booktitle =    {Proceedings of the 29th Annual ACM Symposium on Theory of Computing},
  year =         1997,
  address =      {El Paso, TX USA},
  month =        {May 4-6},
  publisher =    "ACM Press",
}

@inproceedings{BM89,
 author =       {Mihir Bellare and Silvio Micali},
 title =        {Non-interactive oblivious transfer and applications},
 booktitle =    {Advances in Cryptology: CRYPTO '89},
 series =       {Lecture Notes in Computer Science},
 volume =       {435},
 year =         {1989},
 pages =        {547--557},
 location =     {Santa Barbara, California, United States},
 publisher =    {Springer},
}

@inproceedings{BM93,
 author =       {Josh Benaloh and Michael de Mare},
 title =        {One-way accumulators: a decentralized alternative to digital signatures},
 booktitle =    {Advances in Cryptology: EUROCRYPT '93},
 series =       {Lecture Notes in Computer Science},
 volume =       {765},
 year =         {1993},
 pages =        {274--285},
 location =     {Lofthus, Norway},
 publisher =    {Springer},
}

@InProceedings{BHS04,
  author =      "Robert Bradshaw and Jason Holt and Kent Seamons",
  title =       "Concealing Complex Policies with Hidden Credentials",
  booktitle =   "Proceedings of 11th ACM Conference on Computer and Communications Security",
  caddress =    "Washington, DC, USA",
  month =       oct,
  year =        "2004",
}

@Book{Bran00,
  author =       "Stefan A. Brands",
  title =        "Rethinking Public Key Infrastructures and Digital Certificates: Building in Privacy",
  year =         "2000",
  month =        aug,
  publisher =    "MIT Press",
}

@InProceedings{Bou00,
  author =      "Fabrice Boudot",
  title =       "Efficient Proofs that a Committed Number Lies in an Interval",
  booktitle =   "Advances in Cryptology: EUROCRYPT '00",
  series =      "Lecture Notes in Computer Science",
  volume =      "1807",
  month =       may,
  date =        "14--18",
  year =        "2000",
  caddress =    "Bruges, Belgium",
  pages =       "431--444",
  publisher =   "Springer",
}

@InProceedings{CacMic99,
  author =       {Christian Cachin and Silvio Micali and Markus Stadler},
  title =        {Computationally Private Information Retrieval with Polylogarithmic Communication},
  booktitle =    {Advances in Cryptology: EUROCRYPT '99},
  series =       {Lecture Notes in Computer Science},
  year =         1999,
  volume =       1592,
  pages =        {402-414},
  publisher =    "Springer",
}

@inproceedings{CC00,
 author =       {Christian Cachin and Jan Camenisch},
 title =        {Optimistic Fair Secure Computation},
 booktitle =    {Advances in Cryptology: CRYPTO '00},
 year =         {2000},
 pages =        {93--111},
 series    =    {Lecture Notes in Computer Science},
 volume    =    {1880},
 publisher =    {Springer},
}

@InProceedings{CH02,
  author    = {Jan Camenisch and Els {Van Herreweghen}},
  title     = "{Design and implementation of the idemix anonymous credential system}",
  booktitle = {Proceedings of the 9th ACM Conference on Computer and Communications
               Security, CCS '02},
  pages     = {21--30},
  publisher = {ACM},
  month     = {nov},
  date      = {18--22},
  year      = {2002},
}

@InProceedings{CL01,
  author    = {Jan Camenisch and Anna Lysyanskaya},
  title     = {An Efficient System for Non-transferable Anonymous Credentials with Optional Anonymity Revocation},
  booktitle = {Advances in Cryptology: EUROCRYPT '01},
  pages     = {93--118},
  publisher = {Springer},
  series    = {Lecture Notes in Computer Science},
  volume    = {2045},
  year      = {2001},
}

@article{Canetti00,
    author =    "Ran Canetti",
    title =     "Security and Composition of Multiparty Cryptographic Protocols",
    journal =   "Journal of Cryptology",
    volume =    "13",
    number =    "1",
    pages =     "143--202",
    year =      "2000",
    publisher = "Springer",
}

@inproceedings{Canetti01,
 author =       {Ran Canetti},
 title =        {Universally Composable Security: A New Paradigm for Cryptographic Protocols},
 booktitle =    {Proceedings of the 42nd IEEE symposium on Foundations of Computer Science},
 year =         {2001},
 pages =        {136--145},
 publisher =    {IEEE Computer Society},
}

@inproceedings{CFGN96,
 author =       {Ran Canetti and Uri Feige and Oded Goldreich and Moni Naor},
 title =        {Adaptively secure multi-party computation},
 booktitle =    {STOC '96: Proceedings of the twenty-eighth annual ACM symposium on Theory of computing},
 year =         {1996},
 pages =        {639--648},
 location =     {Philadelphia, Pennsylvania, United States},
 publisher =    {ACM Press},
}

@inproceedings{SPFE,
 author =       {Ran Canetti and Yuval Ishai and Ravi Kumar and Michael K. Reiter and Ronitt Rubinfeld and Rebecca N. Wright},
 title =        {Selective private function evaluation with applications to private statistics},
 booktitle =    {Proceedings of the twentieth annual ACM symposium on Principles of distributed computing},
 year =         {2001},
 pages =        {293--304},
 location =     {Newport, Rhode Island, United States},
 publisher =    {ACM Press},
}

@Article{Chaum85,
  author =      {David Chaum},
  title =       {Security Without Identification: Transaction Systems to Make Big Brother Obsolete},
  journal =     {Communications of the ACM},
  volume =      {28},
  number =      {10},
  pages =       {1030--1044},
  year =        {1985},
}

@inproceedings{CDG87,
 author =       {David Chaum and Ivan Damg\aa{}rd and Jeroen van de Graaf},
 title =        {Multiparty Computations Ensuring Privacy of Each Party's Input and Correctness of the Result},
 booktitle =    {Advances in Cryptology: CRYPTO '87},
 series    =    {Lecture Notes in Computer Science},
 volume    =    {293},
 year      =    {1988},
 pages =        {87--119},
 publisher =    {Springer},
}

@InProceedings{ChoGol95,
  author =       {Benny Chor and Oded Goldreich and Eyal Kushilevitz and Madhu Sudan},
  title =        {Private Information Retrieval},
  booktitle =    {Proceedings of the 36th IEEE Symposium on Foundations of Computer Science},
  year =         1995,
  caddress =     {Milwaukee, WI USA},
  month =        {October},
  pages =        {41--50},
  date =         {23-25},
  publisher =    "IEEE Computer Society Press",
}

@InProceedings{ChoGil97,
  author =       {Benny Chor and Niv Gilboa},
  title =        {Computationally private information retrieval (extended abstract)},
  booktitle =    {Proceedings of the 29th Annual ACM Symposium on Theory of Computing},
  year =         1997,
  pages =        {304--313},
  caddress =     {El Paso, TX USA},
  month =        {May},
  date =         {4-6},
  publisher =    "ACM Press",
}

@InProceedings{CFSY96,
  author =      "Ronald Cramer and Matthew K. Franklin and Berry Schoenmakers and Moti Yung",
  title =       "Multi-Authority Secret-Ballot Elections with Linear Work",
  booktitle =   "Advances in Cryptology: EUROCRYPT '96",
  series =      "Lecture Notes in Computer Science",
  volume =      "1070",
  year =        "1996",
  caddress =    "Saragossa, Spain",
  pages =       "72--83",
  publisher =   "Springer",
}

@InProceedings{CraDam98,
  author =      "Ronald Cramer and Ivan Damg\aa{}rd",
  title =       "Zero-knowledge Proof for Finite Field Arithmetic, Or: Can Zero-knowledge be for Free?",
  booktitle =   "Advances in Cryptology: CRYPTO '98",
  series =      "Lecture Notes in Computer Science",
  volume =      "1462",
  year =        "1998",
  pages =       "424--441",
  publisher =   "Springer",
}

@inproceedings{CraDam01,
 author =       {Ronald Cramer and Ivan Damg\aa{}rd},
 title =        {Secure Distributed Linear Algebra in a Constant Number of Rounds},
 booktitle =    {Advances in Cryptology: CRYPTO '01},
 series =       {Lecture Notes in Computer Science},
 volume =       {2139},
 year =         {2001},
 pages =        {119--136},
 publisher =    {Springer},
}

@InProceedings{CDS94,
  author =      "Ronald Cramer and Ivan Damg\aa{}rd and Berry Schoenmakers",
  title =       "Proofs of Partial Knowledge and Simplified Design of Witness Hiding Protocols",
  booktitle =   "Advances in Cryptology: EUROCRYPT '94",
  series =      "Lecture Notes in Computer Science",
  volume =      "839",
  year =        "1994",
  pages =       "174--187",
  publisher =   "Springer",
}

@InProceedings{Crep89,
  author =      "Claude Cr\'{e}peau",
  title =       "Verifiable Disclosure of Secrets and Applications (Abstract)",
  booktitle =   "Advances in Cryptology: EUROCRYPT '89",
  series =      "Lecture Notes in Computer Science",
  volume =      "434",
  year =        "1990",
  pages =       "150--154",
  publisher =   "Springer",
}

@inproceedings{CGT95,
  author =      "Claude Cr\'{e}peau and Jeroen van de Graaf and Alain Tapp",
  title =       "Committed Oblivious Transfer and Private Multi-Party Computation",
  booktitle =   "Advances in Cryptology: CRYPTO '95",
  series =      "Lecture Notes in Computer Science",
  volume =      "963",
  year =        "1995",
  pages =       "110--123",
  publisher =   "Springer",
}

@InProceedings{COR99,
  author =      "Giovanni Di Crescenzo and Rafail Ostrovsky and S. Rajagopalan",
  title =       "Conditional Oblivious Transfer and Timed-Release Encryption",
  booktitle =   "Advances in Cryptology: EUROCRYPT '99",
  pages =       "74--89",
  month =       mar,
  year =        "1999",
  series =      "Lecture Notes in Computer Science",
  volume =      "1592",
}

@InProceedings{Cocks,
  author =    "Clifford Cocks",
  title =     "An identity based encryption scheme based on quadratic residues",
  booktitle =  "8th IMA International Conference on Cryptography and Coding",
  volume =     "2260",
  pages =      "360--363",
  month =      dec,
  year =       2001,
  publisher =  "Springer",
}

@InProceedings{Dam91,
  author =      "Ivan Damg\aa{}rd",
  title =       "Towards Practical Public Key Systems Secure Against Chosen Ciphertext Attacks",
  booktitle =   "Advances in Cryptology: CRYPTO '91",
  pages =       "445--456",
  series    = {Lecture Notes in Computer Science},
  volume    = {576},
  year      = {1992},
}

@Inproceedings{DamJur01,
 author =       {Ivan Damg\aa{}rd and Mads Jurik},
 title =        {A Generalisation, a Simplification and Some Applications of Paillier's Probabilistic Public-Key System},
 booktitle =    {PKC '01: Proceedings of the 4th International Workshop on Practice and Theory in Public Key Cryptography},
 year =         {2001},
 pages =        {119--136},
 publisher =    {Springer},
}

@Inproceedings{DamJur03,
 author =       {Ivan Damg\aa{}rd and Mads Jurik},
 title =        {A Length-Flexible Threshold Cryptosystem with Applications},
 booktitle =    {Proceedings of the 8th Australasian Conference on Information Security and Privacy},
 year =         {2003},
 pages =        {350--364},
 series =       {Lecture Notes in Computer Science},
 volume =       {2727},
 publisher =    {Springer},
}


@InProceedings{DamFuj02,
  author =      "Ivan Damg\aa{}rd and Eiichiro Fujisaki",
  title =       "An Integer Commitment Scheme Based on Groups with Hidden Order",
  booktitle =   "Advances in Cryptology: ASIACRYPT '02",
  series =      "Lecture Notes in Computer Science",
  volume =      "2501",
  month =       dec,
  date =        "1--5",
  year =        "2002",
  caddress =    "Queenstown, New Zealand",
  pages =       "125--142",
  publisher =   "Springer",
}

@Book{Dantzig,
  author =       "George B. Dantzig and Mukund N. Thapa",
  title =        "Linear Programming 1: Introduction",
  publisher =    "Springer",
  month =        mar,
  year =         "1997",
}

@Article{DH,
  author =  {Whitfield Diffie and Martin E. Hellman},
  title =   {New Directions in Cryptography},
  journal = {IEEE Transactions on Information Theory},
  volume =  {22},
  pages =   {644--654},
  year =    {1976},
}

@InProceedings{DiIsh98,
  author =       {G.~Di-Crescenzo and Y.~Ishai and R.~Ostrovsky},
  title =        {Universal Service-Providers for Database Private Information Retrieval},
  booktitle =    {Proceedings of the 17th Annual ACM Symposium on Principles of Distributed Computing},
  year =         1998,
  month =        {September},
}

@article{DDN00,
 author =       {Danny Dolev and Cynthia Dwork and Moni Naor},
 title =        {Nonmalleable Cryptography},
 journal =      {SIAM Journal on Computing},
 volume =       {30},
 number =       {2},
 year =         {2000},
 pages =        {391--437},
 publisher =    {Society for Industrial and Applied Mathematics},
 }

@Inproceedings{DuAta01,
 author =       {Wenliang Du and Mikhail J. Atallah},
 title =        {Privacy-Preserving Cooperative Scientific Computations},
 booktitle =    {CSFW '01: Proceedings of the 14th IEEE Workshop on Computer Security Foundations},
 year =         {2001},
 pages =        {273},
 publisher =    {IEEE Computer Society},
}

@InProceedings{Du02,
  author =       {Wenliang Du},
  title =        {Towards Achieving Acceptable Security in Secure Multi-party Computation},
  booktitle =    {Proceedings of New Security Paradigms Workshop},
  pages =        {},
  month =        {September 23-26},
  address =      {Virginia Beach, virginia, USA},
  year  =        2002
}

@PhdThesis{DuThesis,
  author =       {Wenliang Du},
  title =        {A Study of Several Specific Secure Two-party Computation Problems},
  school =       {Purdue University},
  year =         2001,
  address =      {West Lafayette, Indiana}
}

@InProceedings{DurFra00,
  author =      "Glenn Durfee and Matt Franklin",
  title =       "Distribution Chain Security",
  booktitle =   "Proceedings of the 7th ACM Conference on Computer and Communications Security",
  year =        "2000",
  caddress =    "New York",
  pages =       "63--70",
  publisher =   "ACM Press",
}

@inproceedings{ElGamal,
 author =       {Taher {El Gamal}},
 title =        {A public key cryptosystem and a signature scheme based on discrete logarithms},
 booktitle =    {Advances in Cryptology: CRYPTO '84},
 year =         {1985},
 pages =        {10--18},
 series =       {Lecture Notes in Computer Science},
 volume =       {196},
 location =     {Santa Barbara, California, United States},
 publisher =    {Springer},
}

@article{EGL85,
 author =       {Shimon Even and Oded Goldreich and Abraham Lempel},
 title =        {A randomized protocol for signing contracts},
 journal =      {Communications of the ACM},
 volume =       {28},
 number =       {6},
 year =         {1985},
 pages =        {637--647},
 publisher =    {ACM Press},
}

@misc{RFC3281,
  author =       "Stephen Farrell and Russell Housley",
  title =        "An Internet Attribute Certificate Profile for Authorization",
  year =         "2002",
  month =        apr,
  howpublished = "IETF RFC 3281",
  url =          "http://www.ietf.org/rfc/rfc3281.txt",
}

@InProceedings{FS87,
  author =      "Amos Fiat and Adi Shamir",
  title =       "How To Prove Yourself: Practical Solutions to Identification and Signature Problems",
  booktitle =   "Advances in Cryptology: CRYPTO '86",
  series =      "Lecture Notes in Computer Science",
  volume =      "263",
  year =        "1987",
  caddress =    "New York",
  pages =       "186--194",
  publisher =   "Springer",
}

@inproceedings{Fischlin01,
 author =       {Marc Fischlin},
 title =        {A Cost-Effective Pay-Per-Multiplication Comparison Method for Millionaires},
 booktitle =    {CT-RSA 2001: Proceedings of the 2001 Conference on Topics in Cryptology},
 year =         {2001},
 pages =        {457--472},
 series    =    {Lecture Notes in Computer Science},
 volume    =    {2020},
 publisher =    {Springer},
}

@inproceedings{FNP04,
  author =      "Michael J. Freedman and Kobbi Nissim and Benny Pinkas",
  title =       "Efficient Private Matching and Set Intersection",
  booktitle =   "Advances in Cryptology: EUROCRYPT '04",
  series =      "Lecture Notes in Computer Science",
  volume =      "3027",
  year =        "2004",
  caddress =    "Interlaken, Switzerland",
  pages =       "1--19",
  publisher =   "Springer",
}

@InProceedings{FAL04,
  author =    "Keith B. Frikken and Mikhail J. Atallah and Jiangtao Li",
  title =     "Hidden Access Control Policies with Hidden Credentials",
  booktitle = "Proceedings of the 3rd ACM Workshop on Privacy in the Electronic Society",
  caddress =  "Washington, DC, USA",
  month =     oct,
  year =      "2004",
}

@InProceedings{FA04,
  author =    "Keith B. Frikken and Mikhail J. Atallah",
  title =     "Privacy Preserving Route Planning",
  booktitle = "Proceedings of the 3rd ACM Workshop on Privacy in the Electronic Society",
  caddress =  "Washington, DC, USA",
  pages =     "8--15",
  month =     oct,
  year =      "2004",
}

@InProceedings{FujOka97,
  author =      "Eiichiro Fujisaki and Tatsuaki Okamoto",
  title =       "Statistical Zero Knowledge Protocols to Prove Modular Polynomial Relations",
  booktitle =   "Advances in Cryptology: CRYPTO '97",
  series =      "Lecture Notes in Computer Science",
  volume =      "1294",
  year =        "1997",
  pages =       "16--30",
  publisher =   "Springer",
}

@InProceedings{GMY04,
  author =      "Juan Garay and Philip MacKenzie and Ke Yang",
  title =       "Efficient and Universally Composable Committed Oblivious Transfer and Applications",
  booktitle =   "Theory of Cryptography, TCC 2004",
  series =      "Lecture Notes in Computer Science",
  volume =      "2951",
  year =        "2004",
  pages =       "297--316",
  publisher =   "Springer",
}

@inproceedings{GRR98,
 author =       {Rosario Gennaro and Michael O. Rabin and Tal Rabin},
 title =        {Simplified VSS and fast-track multiparty computations with applications to threshold cryptography},
 booktitle =    {PODC '98: Proceedings of the seventeenth annual ACM symposium on Principles of distributed computing},
 year =         {1998},
 pages =        {101--111},
 location =     {Puerto Vallarta, Mexico},
 publisher =    {ACM Press},
}

@InProceedings{GerIsh98,
  author =       {Yael Gertner and Yuval Ishai and Eyal Kushilevitz and Tal Malkin},
  title =        {Protecting Data Privacy in Private Information Retrieval Schemes},
  booktitle =    {Proceedings of the 30th ACM Symposium on Theory of Computing},
  pages =        {151--160},
  year =         1998,
  caddress =     {Dallas, TX USA},
  month =        {May},
  date =         {24-26},
  publisher =    "ACM Press",
}

@Article{GIKM00,
  author =       {Yael Gertner and Yuval Ishai and Eyal Kushilevitz and Tal Malkin},
  title =        {Protecting Data Privacy in Private Information Retrieval Schemes},
  journal =      "JCSS",
  volume =       "60",
  number =       "3",
  pages =        "592--629",
  year =         "2000",
  note =         "Preliminary version in STOC'98",
}

@InProceedings{GIKM98,
  author =       {Yael Gertner and Yuval Ishai and Eyal Kushilevitz and Tal Malkin},
  title =        {Protecting Data Privacy in Private Information Retrieval Schemes},
  booktitle =    {Proceedings of the 30th ACM Symposium on Theory of Computing},
  pages =        {151--160},
  year =         1998,
  caddress =     {Dallas, TX USA},
  month =        {May},
  date =         {24-26},
  publisher =    "ACM Press",
}

@Book{Gold04,
  author =       "Oded Goldreich",
  title =        "The Foundations of Cryptography --- Volume 2",
  publisher =    "Cambridge University Press",
  month =        may,
  year =         "2004",
}

@Misc{Gold02,
  author =       "Oded Goldreich",
  title =        "Secure Multi-Party Computation",
  note = 	"Unpublished Manuscript",
  month =        oct,
  year =         "2002",
}

@article{Gold03,
 author =       {Oded Goldreich},
 title =        {Cryptography and cryptographic protocols},
 journal =      {Distributed Computing},
 volume =       {16},
 number =       {2-3},
 year =         {2003},
 pages =        {177--199},
 publisher =    {Springer},
 }

@InProceedings{GMW87,
  author =       "Oded Goldreich and Silvio Micali and Avi Wigderson",
  title =        "How to play ANY mental game",
  booktitle =    "Proceedings of the nineteenth annual ACM conference on Theory of computing",
  pages =        "218--229",
  month =        may,
  year =         "1987",
}

@Article{GM84,
  author =       "Shafi Goldwasser and Silvio Micali",
  title =        "Probabilistic Encryption",
  journal =      "Journal of Computer and System Sciences",
  year =         "1984",
  volume =       "28",
  number =       "2",
  pages =        "270--299",
}

@Article{GMR89,
  author =       {Shafi Goldwasser and Silvio Micali and Charles Rackoff},
  title =        {The Knowledge Complexity of Interactive Proof Systems},
  journal =      "SIAM Journal on Computing",
  volume =       "18",
  pages =        "186--208",
  month =        "feb",
  year =         "1989",
}

@InProceedings{HT98,
  author =     "Satoshi Hada and Toshiaki Tanaka",
  title =      "On the Existence of 3-Round Zero-Knowledge Protocols",
  booktitle =  "Advances in Cryptology: CRYPTO '98",
  series    = {Lecture Notes in Computer Science},
  volume    = {1462},
  year      = {1998},
  pages =      "408--423",
}

@InProceedings{HM96,
  author =    "Shai Halevi and Silvio Micali",
  title =     "Practical and Provably-Secure Commitment Schemes from Collision-Free Hashing",
  booktitle = "Advances in Cryptography: CRYPTO '96",
  series =    "Lecture Notes in Computer Science",
  volume =    "1109",
  pages =     "201--215",
  publisher = "Springer",
  year =      "1996",
  comment =   "Include a nice table of cost of previous schemes, seems a perfect reasonable
               approach using Hash",
}

@misc{JCSI,
  author =       "JCSI",
  title =        "Java Cryptographic Secure Implementation",
  year =         "2004",
  howpublished = "Wedgetail Communications",
  url =          "http://www.wedgetail.com/jcsi/",
}

@InProceedings{Joux,
  author =         "Antoine Joux",
  title =          "A one round protocol for tripartite {Diffie-Hellman}",
  booktitle =      "Proceddings of the 4th Algorithmic Number Theory Symposium",
  series =         "Lecture Notes in Computer Science",
  volume =         "1838",
  publisher =      "Springer",
  pages =          "385--394",
  year =           "2000",
}

@article{Karm84,
 author =       {Narendra Karmarkar},
 title =        {A new polynomial-time algorithm for linear programming},
 journal =      {Combinatorica},
 volume =       {4},
 number =       {4},
 year =         {1984},
 pages =        {373--395},
 publisher =    {Springer-Verlag New York, Inc.},
 }

@InProceedings{Klee72,
  author =       {Victor Klee and George J. Minty},
  title =        {How good is the simplex algorithm?},
  booktitle =    {Inequalitites III},
  editor =       {O. Shisha},
  year =         1972,
  pages =        "159--175",
  caddress =     {New York},
  publisher =    {Academic Press},
}

@InProceedings{KusOst97,
  author =       {Eyal Kushilevitz and Rafail Ostrovsky},
  title =        {Replication Is Not Needed: Single Database, Computationally-Private Information Retrieval},
  booktitle =    {Proceedings of the 38th IEEE Symposium on Foundation of Computer Science},
  year =         1997,
  pages =        "364--373 ",
  caddress =     {Miami Beach, Florida USA},
  month =        {October},
  date =         {20-22},
  publisher =    "IEEE Computer Society Press",
}

@InProceedings{LiDuBo03,
  author =       "Ninghui Li and Wenliang Du and Dan Boneh",
  title =        "Oblivious Signature-Based Envelope",
  booktitle =    "Proceedings of the 22nd ACM Symposium on Principles of Distributed Computing (PODC)",
  month =        jul,
  year =         "2003",
  publisher =    "ACM Press",
}

@Article{LiDuBo04,
  author =       "Ninghui Li and Wenliang Du and Dan Boneh",
  title =        "Oblivious Signature-Based Envelope",
  journal =      "Distributed Computing",
  note =         "To appear",
  year =         "2005",
  publisher =    "Springer",
}

@TechReport{LL04,
  author =       "Jiangtao Li and Ninghui Li",
  title =        "{OACerts}: Oblivious Attribute Certificates",
  number =       "CERIAS-TR-2005-26",
  institution =  "Center for Education and Research in Information Assurance and Security, Purdue University",
  month =        apr,
  year =         "2005",
}

@InProceedings{LL05a,
  author =       "Jiangtao Li and Ninghui Li",
  title =        "{OACerts}: Oblivious Attribute Certificates",
  booktitle =    "Proceedings of the 3rd Conference on Applied Cryptography and Network Security (ACNS)",
  series =       "Lecture Notes in Computer Science",
  volume =       "3531",
  publisher =    "Springer",
  note =         "To appear",
  month =        jun,
  year =         "2005",
}

@InProceedings{LL05b,
  author =       "Jiangtao Li and Ninghui Li",
  title =        "Policy-Hiding Access Control in Open Environment",
  booktitle =    "Proceedings of the 24nd ACM Symposium on Principles of Distributed Computing (PODC)",
  month =        jul,
  year =         "2005",
  publisher =    "ACM Press",
  note =         "To appear",
}

@InProceedings{LRSW99,
  author   = {Anna Lysyanskaya and Ronald L. Rivest and Amit Sahai and Stefan Wolf},
  title     = {Pseudonym Systems},
  booktitle = {Selected Areas in Cryptography, 6th Annual International Workshop, SAC '99},
  pages     = {184--199},
  publisher = {Springer},
  series    = {Lecture Notes in Computer Science},
  volume    = {1758},
  year      = {1999},
}

@InProceedings{MNPS04,
  author =       {Dahlia Malkhi and Noam Nisan and Benny Pinkas and Yaron Sella},
  title =        {Fairplay -- Secure Two-Party Computation System},
  booktitle =    {Proceedings of the 13th USENIX Security Symposium},
  year =         2004,
  pages =        "287--302",
  publisher =    {USENIX},
}

@InProceedings{Mao98,
  author =      "Wenbo Mao",
  title =       "Guaranteed Correct Sharing of Integer Factorization with Off-line Shareholders",
  booktitle =   "Public Key Cryptography: PKC'98",
  series =      "Lecture Notes in Computer Science",
  volume =      "1431",
  month =       feb,
  year =        "1998",
  caddress =    "Pacifico Yokohama, Japan",
  pages =       "60--71",
  publisher =   "Springer",
}

@Book{MOV97,
  author =   "Alfred J. Menezes and Paul C. Van Oorschot and Scott A. Vanstone",
  title =    "Handbook of Applied Cryptography (revised reprint with updates)",
  publisher = "CRC Press",
  year =     "1997",
}

@inproceedings{NP01,
 author =       "Moni Naor and Benny Pinkas",
 title =        "Efficient Oblivious Transfer Protocols",
 booktitle =    "Proceedings of SODA 2001 (SIAM Symposium on Discrete Algorithms)",
 month =        Jan,
 year =         "2001",
 pages =        "448--457",
 location =     "Washington D.C., United States",
}

@inproceedings{NP99,
 author =       "Moni Naor and Benny Pinkas",
 title =        "Oblivious Transfer and Polynomial Evaluation",
 booktitle =    "Proceedings of the 31st Symposium on Theory of Computer Science (STOC)",
 month =        May,
 year =         "1999",
 pages =        "245--254",
 location =     "Atlanta, GA",
}

@Inproceedings{NPS99,
 author =       "Moni Naor and Benny Pinkas and Reuban Sumner",
 title =        "Privacy preserving auctions and mechanism design",
 booktitle =    "Proceedings of the 1st ACM conference on Electronic commerce",
 year =         "1999",
 pages =        "129--139",
 location =     "Denver, Colorado, United States",
 publisher =    "ACM Press",
}

@Inproceedings{Niv99,
 author =       {Niv Gilboa},
 title =        {Two Party {RSA} Key Generation},
 booktitle =    {Advances in Cryptology: CRYPTO '99},
 series =       {Lecture Notes in Computer Science},
 volume =       {1666},
 year =         {1999},
 pages =        {116--129},
 publisher =    {Springer},
}

@Article{Ofman65,
  author =       "Ju P. Ofman",
  title =        "A universal automaton",
  journal =      "Transactions of the Moscow Math Society",
  volume =       "14",
  pages =        "200--215",
  year =         "1965",
}

@Inproceedings{OUF98,
 author =       "Tatsuaki Okamoto and Shigenori Uchiyama and Eiichiro Fujisaki",
 title =        "EPOC: Efficient Probabilistic Public-Key Encryption",
 booktitle =    "IEEE P1363: Protocols from other families of public-key algorithms",
 month =        nov,
 year =         "1998",
}

@InProceedings{Ped91,
  author =      "Torben P. Pedersen",
  title =       "Non-interactive and information-theoretic secure verifiable secret sharing",
  booktitle =   "Advances in Cryptology: CRYPTO '91",
  series =      "Lecture Notes in Computer Science",
  volume =      "576",
  year =        "1991",
  pages =       "129-140",
  publisher =   "Springer",
}

@InProceedings{Paill99,
  author        = {Pascal Paillier},
  title         = {Public-key Cryptosystems Based on Composite Degree Residuosity Classes},
  booktitle     = {Advances in Cryptology: EUROCRYPT '99},
  series        = {Lecture Notes in Computer Science},
  volume        = {1592},
  publisher     = {Springer},
  pages         = {223-238},
  year          = {1999},
}

@inproceedings{PS99,
  author        = {Birgit Pfitzmann and Ahmad-Reza Sadeghi},
  title         = {Coin-Based Anonymous Fingerprinting.},
  booktitle     = {Advances in Cryptology: EUROCRYPT '99},
  series        = {Lecture Notes in Computer Science},
  volume        = {1592},
  publisher     = {Springer},
  year          = {1999},
  pages         = {150-164},
}

@techreport{Pip77,
  author =       "Nicholas J. Pippenger",
  title =        "Generalized connectors",
  institution =  "IBM Res. Rep.",
  number =       "RC-6532",
  year =         "1977",
}

@Article{PH78,
  author =       "Stephen C. Pohlig and Martin E. Hellman",
  title =        "An improved algorithm for computing logarithms over GF(p) and its cryptographic significance",
  journal =      "IEEE Transactions on Information Theory",
  volume =       "IT-24",
  pages =        "106--110",
  year =         "1978",
}

@techreport{Rabin,
  author =       {Michael O. Rabin},
  title =        {Digitalized Signatures as Intractable as Factorization},
  institution =  {MIT Laboratory for Computer Science},
  number =       {MIT/LCS/TR-212},
  month =        Jan,
  year =         1979
}

@techreport{Rabin81,
  author =       {Michael O. Rabin},
  title =        {How to Exchange Secrets by Oblivious Transfer},
  institution =  {Aiken Computation Laboratory, Harvard University},
  number =       {Memo TR-81},
  year =         1981
}

@Article{RR98,
  author =       "Michael K. Reiter and Aviel D. Rubin",
  title =        "Crowds: Anonymity for web transactions",
  journal =      "ACM Transactions on Information and System Security (TISSEC)",
  volume =       "1",
  number =       "1",
  pages =        "66--92",
  month =        nov,
  year =         "1998",
}

@Article{RSA,
  author =  {Ronald L. Rivest and Adi Shamir and Leonard M. Adleman},
  title =   {A method for obtaining digital signatures and public-key
                 cryptosystems},
  journal = {Communications of the ACM},
  volume =  {21},
  pages =   {120--126},
  year =    {1978},
}

@Misc{Riv99,
  author =   "Ronald L. Rivest",
  title =    "Unconditionally secure commitment and oblivious transfer
              schemes using private channels and a trusted initializer",
  month =    nov,
  year =     "1999",
  note =     "Manuscript available at http://theory.lcs.mit.edu/rivest/publications.html",
  comment =  "Uses semi-trusted third party.  One initialization phase for each commitment.",
}

@inproceedings{SYY99,
 author =       {Tomas Sander and Adam Young and Moti Yung},
 title =        {Non-Interactive CryptoComputing For NC1},
 booktitle =    {Proceedings of the 40th Annual Symposium on Foundations of Computer Science (FOCS)},
 year =         {1999},
 pages =        {554},
 publisher =    {IEEE Computer Society},
}

@Article{Schnorr91,
  author =      "Claus P. Schnorr",
  title =       "Efficient Identification and Signatures for Smart Cards",
  journal =     "Journal of Cryptology",
  volume =      "4",
  number =      "3",
  pages =       "161--174",
  year =        "1991",
}
@InProceedings{SOK00,
  author =      "R. Sakai and K. Ohgishi and M. Kasahara",
  title =       "Cryptosystems Based on Pairing",
  booktitle =   "Proceedings of the Symposium on Cryptography and Information Security (SCIS 2000)",
  month =       jan,
  year =        "2000",
}

@InProceedings{SS95,
  author        = {Kouichi Sakurai and Hiroki Shizuya},
  title         = {Relationships Among the Computational Powers of Breaking Discrete Log Cryptosystems},
  booktitle     = {Advances in Cryptology: EUROCRYPT '95},
  series        = {Lecture Notes in Computer Science},
  volume        = {921},
  publisher     = {Springer},
  pages         = {341--355},
  year          = {1995},
}

@InProceedings{Shamir,
  author =    {Adi Shamir},
  title =     {Identity-based cryptosystems and signature schemes},
  booktitle = "Advances in Cryptology: CRYPTO '84",
  series =    "Lecture Notes in Computer Science",
  volume =    "196",
  publisher = "Springer",
  pages =     "47--53",
  year =      "1984",
}

@inproceedings{Sho82,
 author =       {Arie Shoshani},
 title =        {Statistical Databases: Characteristics, Problems, and some Solutions},
 booktitle =    {Proceedings of the 8th International Conference on Very Large Data Bases},
 year =         {1982},
 pages =        {208--222},
 month =        sep,
}

@Article{Sw02,
  author =       "Latanya Sweeney",
  title =        "k-Anonymity: a model for protecting privacy",
  journal =      "International Journal on Uncertainty, Fuzziness and Knowledge-based Systems",
  volume =       "10",
  number =       "5",
  pages =        "557--570",
  year =         "2002",
}

@InProceedings{SGR97,
  author =     "Paul F. Syverson and David M. Goldschlag and Michael G. Reed",
  title =      "Anonymous Connections and Onion Routing",
  booktitle =  "Proceedings of the IEEE Symposium on Security and Privacy",
  pages =      "44--54",
  year =       "1997",
  month =      may,
}

@Article{Thom78,
  author =       "Clark D. Thompson",
  title =        "Generalized connection networks for parallel processor intercommunication",
  journal =      "IEEE Transactions on Computers",
  volume =       "27",
  number =       "12",
  pages =        "1119--1125",
  month =        dec,
  year =         "1978",
}

@inproceedings{TY98,
 author =       {Yiannis Tsiounis and Moti Yung},
 title =        {On the Security of ElGamal Based Encryption},
 booktitle =    {Proceedings of the First International Workshop on Practice and Theory in Public Key Cryptography},
 year =         {1998},
 pages =        {117--134},
 publisher =    {Springer},
}

@inproceedings{Tzeng02,
 author =       {Wen-Guey Tzeng},
 title =        {Efficient 1-Out-n Oblivious Transfer Schemes},
 booktitle =    {PKC '02: Proceedings of the 5th International Workshop on Practice and Theory in Public Key Cryptosystems},
 series =       {Lecture Notes in Computer Science},
 number =       {2274},
 year =         {2002},
 pages =        {159--171},
 publisher =    {Springer},
}

@Book{Vanderbei,
  author =       "Robert J. Vanderbei",
  title =        "Linear Programming, Second Edition - Foundations and Extensions ",
  publisher =    "Kluwer Academic Publishers",
  month =        May,
  year =         "2001",
}

@inproceedings{Valiant:1976,
  author = {Leslie G. Valiant},
  title = {Universal circuits (Preliminary Report)},
  booktitle = {STOC '76: Proceedings of the eighth annual ACM symposium on Theory of computing},
  year = {1976},
  pages = {196--203},
  location = {Hershey, Pennsylvania, United States},
  publisher = {ACM Press},
  address = {New York, NY, USA},
}

@InProceedings{Ver01,
  author =        "Eric R. Verheul",
  title =         "Self-Blindable Credential Certificates from the Weil Pairing",
  booktitle =     "Advances in Cryptology: AsiaCrypt 2001",
  series =        "Lecture Notes in Computer Science",
  number =        "2248",
  pages =         "533--551",
  year =          2001,
  publisher =     "Springer",
}

@article{YM99,
 author =       {Yuanyuan Yang and Gerald M. Masson},
 title =        {The Necessary Conditions for Clos-Type Nonblocking Multicast Networks},
 journal =      {IEEE Transactions on Computers},
 volume =       {48},
 number =       {11},
 year =         {1999},
 pages =        {1214--1227},
 publisher =    {IEEE Computer Society},
}

@InProceedings{Yao82,
  author =        "Andrew C. Yao",
  title =         "Protocols for Secure Computations",
  booktitle =     "Proceedings of the 23th IEEE Symposium on Foundations of Computer Science",
  pages =         "160--164",
  year =          "1982",
  publisher =     "IEEE Computer Society Press",
}

@InProceedings{Yao86,
  author =        "Andrew C. Yao",
  title =         "How to Generate and Exchange Secrets",
  booktitle =     "Proceedings of the 27th IEEE Symposium on Foundations of Computer Science",
  pages =         "162--167",
  year =          "1986",
  publisher =     "IEEE Computer Society Press",
}

@article{Zegura95,
 author =       {Ellen Witte Zegura},
 title =        {Evaluating blocking probability in generalized connectors},
 journal =      {IEEE/ACM Transactions on Networking},
 volume =       {3},
 number =       {4},
 year =         {1995},
 pages =        {387--398},
 publisher =    {ACM Press},
}

@inproceedings{BellareMW03,
 author = "M. Bellare  and D. Micciancio and B. Warinschi",
 year = 2003,
 title = " Foundations of group signatures: Formal definitions, simplified
    requirements, and a construction based on general assumptions",
 booktitle = "Advances in Cryptology - EUROCRYPT",
 series = "Lecture Notes in
      Computer Science",
 volume = 2656,
 pages = "614--629"
}

