@techreport{a72,
  author = "J. P. Anderson",
  title = "Computer Security Technology Planning Study, Volume {II}",
  institution = "Deputy for Command and Management Systems, HQ Electronics
  Systems Division (AFSC)",
  number = "ESD-TR-73-51",
  address = "L. G. Hanscom Field, Bedford, MA",
  month = "October",
  year = 1972
}

@inproceedings{abe+05,
  author = "M. Abadi and M. Budiu and U. Erlingsson and J. Ligatti",
  title = "Control-Flow Integrity: {Principles}, Implementations and
  Applications",
  booktitle = "Proceedings of the 12th ACM Conference on Computer and
  Communications Security",
  month = "November",
  year = 2005
}

@inproceedings{ah90,
  author = "H. Agrawal and J. R. Horgan",
  title = "Dynamic Program Slicing",
  booktitle = "Proceedings of the ACM SIGPLAN 1990 Conference on Programming
  Language Design and Implementation",
  month = "June",
  year = 1990
}

@inproceedings{bnr03,
  author = "T. Ball and M. Naik and S. Rajamani",
  title = "From Symptom to Cause: {Localizing} Errors in Counterexample
  Traces",
  booktitle = "Proceedings of the ACM Conference on the Principles of
  Programming Languages",
  month = "January",
  year = 2003
}

@techreport{bl76,
  author = "D. E. Bell and L. J. LaPadula",
  title = "Secure Computer System: {Unified} Exposition and {Multics}
  Interpretation",
  institution = "Deputy for Command and Management Systems, HQ Electronic Systems
  Division (AFSC)",
  number = "ESD-TR-75-306",
  address = "L. G. Hanscom Field, Bedford, MA",
  month = "March",
  year = 1976
}

@inproceedings{blw05,
  author = "L. Bauer and J. Ligatti and D. Walker",
  title = "Composing Security Policies with {Polymer}",
  booktitle = "Proceedings of the ACM SIGPLAN Conference on Programming
  Language Design and Implementation",
  month = "June",
  year = 2005
}

@article{bd96,
  author = "M. Bishop and M. Digler",
  title = "Checking for Race Conditions in File Accesses",
  journal = "Computer Systems",
  volume = 9,
  number = 2,
  month = "Spring",
  year = 1996
}

@inproceedings{bn89,
  author = "D. F. C. Brewer and M. J. Nash",
  title = "The {Chinese Wall} Security Policy",
  booktitle = "Proceedings of the 1989 IEEE Symposium on Security and Privacy",
  month = "May",
  year = 1989
}

@inproceedings{chl99,
  author = "T. Chilimbi and M. Hill and J. Larus",
  title = "Cache-Conscious Structure Layout",
  booktitle = "Proceedings of the 1999 ACM SIGPLAN Conference on Programming
  Language Design and Implementation",
  month = June,
  year = 1999
}

@inproceedings{cz05,
  author = "H. Cleve and A. Zeller",
  title = "Locating Causes of Program Failures",
  booktitle = "Proceedings of the 27th International Conference on Software
  Engineering",
  month = "May",
  year = 2005
}

@phdthesis{e04,
  author = "U. Erlingsson",
  title = "The Inlined Reference Monitor Approach to Security Policy
  Enforcement",
  school = "Cornell University",
  month = "January",
  year = 2004
}

@inproceedings{ea03,
  author = "D. Engler and K. Ashcraft",
  title = "{RacerX:} {Effective}, static detection of race conditions and
  deadlocks",
  booktitle = "Proceedings of the 19$^{th}$ ACM Symposium on Operating System
  Principles",
  month = "October",
  year = 2003
}

@inproceedings{ekv+05, 
  author = "P. Efstathopoulos and M. Krohn and S. VanDeBogart and C. Frey 
  and D. Ziegler and E. Kohler and D. Mazieres and F. Kaashoek and R. Morris", 
  title = "Labels and Event Processes in the {Asbestos} Operating System",
  booktitle = "Proceedings of the 20$^{th}$ ACM Symposium on Operating System
  Principles",
  month = "October",
  year = 2005
}

@inproceedings{es00,
  author = "\'{U}. Erlingsson and F. B. Schneider",
  title = "{IRM} Enforcement of {Java} Stack Inspection",
  booktitle = "Proceedings of the 2000 IEEE Symposium on Security and Privacy",
  month = "May",
  year = 2000
}

@inproceedings{et99,
  author = "D. Evans and A. Twyman",
  title = "Flexible Policy-Directed Code Safety",
  booktitle = "Proceedings of the 1999 IEEE Symposium on Security and Privacy",
  month = "May",
  year = 1999
}

@inproceedings{fgh+04, 
  author = "H. H. Feng and J. T. Giffin and Y. Huang and S. Jha and W. Lee and
  B. Miller",
  title = "Formalizing Sensitivity in Static Analysis for Intrusion Detection",
  booktitle = "Proceedings of the 2004 IEEE Symposium on Security and Privacy",
  month = "May",
  year = 2004
}

@inproceedings{fhs+96,
  author = "S. Forrest and S. Hofmeyr and A. Somayaji and T. Longstaff",
  title = "A sense of self for {Unix} Processes",
  booktitle = "Proceedings of the 1996 IEEE Symposium on Security and Privacy",
  month = "May",
  year = 1996
}

@book{ge03,
  author = "L. Gong and G. Ellison",
  title = "Inside {Java}$^{TM}$ 2 Platform Security: {Architecture}, {API}
  Design, and Implementation",
  year = 2003,
  publisher = "Pearson Education"
}

@inproceedings{gjj05,
  author = "V. Ganapathy and T. Jaeger and S. Jha", 
  title = "Automatic placement of authorization hooks in the {Linux} security
  modules framework",
  booktitle = "Proceedings of the 12th ACM Conference on Computer and
  Communications Security",
  month = "November",
  year = 2005
}

@inproceedings{hl02,
  author = "S. Hangal and M. Lam",
  title = "Tracking down software bugs using automatic anomaly detection",
  booktitle = "Proceedings of the 24th International Conference on Software
  Engineering",
  month = "May",
  year =2002
}

@article{hs05,
  author = "M. Hicks and S. Nettles",
  title = "Dynamic Software Updating",
  journal = "ACM Transactions on Programming Languages and Systems",
  month = "September",
  year = 2005
}

@inproceedings{i99,
  author = "C. Irvine",
  title = "The Reference Monitor Concept as a Unifying Principle in Computer
  Security Education",
  booktitle = "Proceedings of the 1$^{st}$ World Conference on Information
  Systems Security Education",
  month = "June",
  year = 1999
}

@article{jez04,
  author = "T. Jaeger and A. Edwards and X. Zhang",
  title = "Consistency Analysis of Authorization Hook Placement in the {Linux}
  Security Modules Framework",
  journal = "ACM Transactions on Information and System Security (TISSEC)",
  volume = "7",
  number = "2",
  pages = "175--205",
  month = "May",
  year = 2004
}

@inproceedings{jsz03,
  author = "T. Jaeger and R. Sailer and X. Zhang",
  title = "Analyzing Integrity Protection in the \selinux\ Example Policy",
  booktitle = "Proceedings of the 12th USENIX Security Symposium",
  month = "August",
  year = 2003
}
  
@inproceedings{jmg+02,
  author = "T. Jim and G. Morrisett and D. Grossman and M. Hicks and J. Cheney
  and Y. Wang",
  title = "Cyclone: {A} safe dialect of {C}",
  booktitle = "Proceedings of the USENIX Annual Technical Conference",
  month = "June",
  year = 2002
}  
  
@techreport{ks74,
  author = "P. A. Karger and R. R. Schell",
  title = "{MULTICS} Security Evaluation: {Vulnerability} Analysis",
  institution = "Deputy for Command and Management Systems, Electronics Systems
  Division (ASFC)",
  number = "ESD-TR-74-193",
  address = "L. G. Hanscom Field, Bedford, MA",
  month = "June",
  year = 1974
}
  
@techreport{ksv03,
  author = "D. Kilpatrick and W. Salamon and C. Vance",
  title = "Securing the {X} {Window} System with {SELinux}",
  institution = "NAI Labs",
  number = "03-006",
  month = "March",
  year = "2003"
}
  
@inproceedings{kr97,
  author = "B. Korel and J. Rilling",
  title = "Application of Dynamic Slicing in Program Debugging",
  booktitle = "Automated and Algorithmic Debugging",
  year = 1997
}
  
@inproceedings{kpk02,
  author = "L. Koved and M. Pistoia and A. Kershenbaum",
  title = "Access Rights Analysis for {Java}",
  booktitle = "Proceedings of the 2002 ACM SIGPLAN Conference on
  Object-Oriented Programming Systems, Languages and Applications (OOPSLA)",
  month = "November",
  year = 2002
}
 
@phdthesis{l04,
  author = "B. Liblit",
  title = "Cooperative Bug Isolation",
  school = "University of California, Berkeley",
  month = "Fall",
  year = 2004
}
 
@inproceedings{lrb+05, 
  author = "C. M. Linn and M. Rajagopalan and S. Baker and C. Collberg and S. K. Debray and J. Hartmann", 
  title = "Protecting against unexpected system calls",
  booktitle = "Proceedings of the 14th USENIX Security Symposium",
  month = "August", 
  year = 2005
}
  
@inproceedings{ls01a,
  author = "P. Loscocco and S. Smalley",
  title = "Integrating Flexible Support for Security Policies into the {Linux}
  Operating System",
  booktitle = "Proceedings of the FREENIX track: USENIX Annual Technical Conference",
  month = "June",
  year = 2001
}
  
@inproceedings{ls01b,
  author = "P. Loscocco and S. Smalley",
  title = "Meeting Critical Security Objectives with Security-Enhanced {Linux}",
  booktitle = "Proceedings of the Ottawa Linux Symposium",
  month = "July",
  year = 2001
}

@book{m97,
  author = "S. S. Muchnick",
  title = "Advanced Compiler Design and Implementation",
  publisher = "Morgan Kaufmann",
  year = 1997,
}

@inproceedings{nmr+02,
  author = "G. C. Necula and S. McPeak and S. P. Rahul and W. Weimer",
  title = "{CIL:} {Intermediate} Language and Tools for Analysis and
  Transformation of {C} Programs",
  booktitle = "Proceedings of the 11th International Conference on Compiler
  Construction",
  month = "April",
  year = 2002,
  note = "Available at: \url{http://manju.cs.berkeley.edu/cil}"
}

@inproceedings{nmw02,
  author = "G. C. Necula and S. McPeak and W. Weimer",
  title = "{CCured:} {Type}-safe Retrofitting of Legacy Code",
  booktitle = "Proceedings of the ACM Conference on the Principles of
  Programming Languages",
  month = "January",
  year = 2002
}

@phdthesis{p97,
  author = "H. Patterson",
  title = "Informed Prefetching and Caching",
  school = "Carnegie Mellon University",
  month = "October",
  year = 1997
}

@misc{pigeonhole,
  key = "pigeonhole",
  title = "{The Pigeonhole Principle}",
  note = "\url{http://mathworld.wolfram.com/PigeonholePrinciple.html}"
}

@inproceedings{rl04,
  author = "O. Ruwase and M. Lam",
  title = "A Practical Dynamic Buffer Overflow Detector",
  booktitle = "Proceedings of the 2004 ISOC Network and Distributed System
  Security Symposium",
  month = "February",
  year = 2004
}

@inproceedings{rbc02,
  author = "S. Rubin and R. Bodik and T. Chilimbi",
  title = "An efficient profile-analysis framework for data-layout
  optimizations",
  booktitle = "Proceedings of the 2002 ACM Conference on the Principles of
  Programming Languages",
  month = "January",
  year = 2002
}

@article{ss74,
  author = "J. H. Saltzer and M. D. Schroeder",
  title = "The Protection of Information in Computer Systems",
  journal = "Communications of the ACM",
  month = "July",
  year = 1974
}

@inproceedings{sbb+01,
  author = "R. Sekar and M. Bendre and P. Bollineni and D. Dhurjati",
  title = "A fast automaton-based method for detecting anomalous program
  behaviors",
  booktitle = "Proceedings of the 2001 IEEE Symposium on Security and Privacy",
  month = "May",
  year = 2001
}

@misc{s05,
  author = "S. Smalley",
  note = "Personal Communication",
  month = June,
  year = 2005
}

@inproceedings{ssl+99,
  author = "R. Spencer and S. Smalley and P. Loscocco and M. Hibler and D.
  Andersen and J. Lapreau",
  title = "The {Flask} Architecture: {System} Support for Diverse Security
  Policies",
  booktitle = "Proceedings of the 8th USENIX Security Symposium",
  month = "August",
  year = 1999
}

@inproceedings{stf+01,
  author = "U. Shankar and K. Talwar and J. Foster and D. Wagner",
  title = "Detecting Format String Vulnerabilities with Type Qualifiers",
  booktitle = "Proceedings of the 10th USENIX Security Symposium",
  month = "August",
  year = 2001
}

@inproceedings{tm99,
  author = "A. Tamches and B. P. Miller",
  title = "Fine-grained dynamic instrumentation of Commodity Operating System
  Kernels",
  booktitle = "Proceedings of the 1999 Symposium on Operating System Design and
  Implementation",
  month = "February",
  year = 1999
}

@misc{tresys,
  key = "Tresys",
  title = "Tresys Technology, Security-enhanced {Linux} Policy Management Framework",
  note = "\url{http://sepolicy-server.sourceforge.net}"
}

@misc{udr05,
  author = "P. Uppuluri and V. Diwakara and V. Rajegowda",
  title = "A Practical Framework to Manage Information Flow between {X} Clients",
  month = "May",
  year = 2004,
  note = "Manuscript available at: \url{http://www.sce.umkc.edu/$\sim$uppulurip/research/xclients.pdf}"
}

@inproceedings{wfb+00,
  author = "D. Wagner and J. Foster and E. Brewer and A. Aiken",
  title = "A first step towards automated detection of buffer overrun
  vulnerabilities",
  booktitle = "Proceedings of the 2000 ISOC Network and Distributed Systems
  Security Symposium",
  month = "February",
  year = 2000
}

@misc{w96a,
  author = "D. Wiggins",
  title = "Security Extension Specification, Version 7.1, {X Consortium Inc.}",
  year = 1996
}

@misc{w96b,
  author = "D. Wiggins",
  title = "Analysis of the {X} Protocol for Security Concerns, Draft {II}, 
  {X Consortium Inc.}",
  month = "May",
  year = 1996,
  note = "Available at: \url{http://www.x.org/X11R6.8.1/docs/Xserver/analysis.pdf}"
}

@inproceedings{wcs+02,
  author = "C. Wright and C. Cowan and S. Smalley and J. Morris and G.
  Kroah-Hartman",
  title = "{Linux} Security Modules: {General} Security Support for the 
  {Linux} Kernel",
  booktitle = "Proceedings of the 11th USENIX Security Symposium",
  month = "August",
  year = 2002
}

@inproceedings{wd01,
  author = "D. Wagner and D. Dean",
  title = "Intrusion Detection via Static Analysis",
  booktitle = "Proceedings of the 2001 IEEE Symposium on Security and Privacy",
  month = "May",
  year = 2001
}

@misc{x11perf,
  key = "x11perf",
  title = "\code{x11perf}: The {X11} server performance test program suite"
}

@misc{xserver,
  key = "xserver",
  title = "{The X Foundation}: \url{http://www.x.org}"
}

@inproceedings{zej02,
  author = "X. Zhang and A. Edwards and T. Jaeger",
  title = "Using {CQUAL} for Static Analysis of Authorization Hook Placement",
  booktitle = "Proceedings of the 11th USENIX Security Symposium",
  month = "August",
  year = 2002
}

@inproceedings{zg04,
  author = "X. Zhang and R. Gupta",
  title = "Cost-effective Dynamic Program Slicing",
  booktitle = "Proceedings of the 26th International Conference on Software
  Engineering",
  month = "May",
  year = 2004
}

@inproceedings{z99, 
  author = "A. Zeller",
  title = "Isolating Cause-Effect Chains from Computer Programs",
  booktitle = "Proceedings of the 10th International Symposium on the
  Foundations of Software Engineering",
  month = "November",
  year = 2002
}


