@INPROCEEDINGS{AmmannTestsICFEM98,
  AUTHOR = "P. E. Ammann and P. E. Black and W. Majurski",
  TITLE = "Using Model Checking to Generate Tests from Specifications",
  BOOKTITLE = "2$^{nd}$ IEEE International Conference on Formal Engineering
  Methods (ICFEM)",
  MONTH = "December",
  YEAR = 1998
}

@INPROCEEDINGS{AmmonsMiningPOPL02,
  AUTHOR = "G. Ammons and R. Bodik and J. Larus",
  TITLE = "Mining Specifications",
  BOOKTITLE = "29$^{th}$ Symposium on Principles of Programming Languages (POPL)",
  MONTH = "January",
  YEAR = 2002
}
  
@INPROCEEDINGS{AshcraftMC02,
  AUTHOR = "K. Ashcraft and D. Engler",
  TITLE = "Using programmer-written compiler extensions to catch security holes",
  BOOKTITLE = "IEEE Symposium on Security and Privacy",
  MONTH = "November",
  YEAR = 2002
}
  
@INPROCEEDINGS{BallSLAMPOPL02,
  AUTHOR = "T. Ball and S. K. Rajamani",
  TITLE = "The {SLAM} Project: Debugging System Software via Static Analysis",
  BOOKTITLE = "29$^{th}$ Symposium on Principles of Programming Languages (POPL)",
  MONTH = "January",
  YEAR = 2002
} 

@INPROCEEDINGS{BeyerBlastICSE04,
  AUTHOR = "D. Beyer and A. J. Chipala and T. A. Henzinger and R. Jhala and R.
  Majumdar",
  TITLE = "Generating Tests from Counterexamples",
  BOOKTITLE = "26$^{th}$ International Conference on Software Engineering
  (ICSE)",
  MONTH = "May",
  YEAR = 2004,
  NOTE = "To appear."
}

@INPROCEEDINGS{BiereSymbolicTACAS99,
  AUTHOR = "A. Biere and A. Cimatti and E. M. Clarke and Y. Zhu",
  TITLE = "Symbolic Model Checking without {BDD}s",
  BOOKTITLE = "5$^{th}$ International Conference on Tools and Algorithms for the
  Construction and Analysis of Systems (TACAS)",
  MONTH = "March",
  YEAR = 1999
}

@INPROCEEDINGS{BondAttacksCHES01,
  AUTHOR = "M. Bond",
  TITLE = "Attacks on Cryptoprocessor Transaction Sets",
  BOOKTITLE = "3$^{rd}$ Workshop on Cryptographic Hardware and Embedded Systems (CHES)",
  MONTH = "May",
  YEAR = 2001 
}

@ARTICLE{BondAPIIEEEComputer01,
  AUTHOR = "M. Bond  and R. Anderson",
  TITLE = "{API}-Level Attacks on Embedded Systems",
  JOURNAL = "IEEE Computer",
  VOLUME = 34,
  NUMBER = 10,
  PAGES = "67--75",
  MONTH = "October",
  YEAR = 2001
}

@ARTICLE{BondCKD00,
  AUTHOR = "M. Bond",
  TITLE = "A Chosen Key Difference Attack on Control Vectors",
  JOURNAL = "Unpublished Manuscript",
  NOTE = "\url{http://www.cl.cam.ac.uk/$\sim$mkb23/research/CVDif.pdf}",
  MONTH = "November",
  YEAR = 2000
}

@INPROCEEDINGS{BryantModelingCAV02,
  AUTHOR = "R. E. Bryant and S. K. Lahiri and S. A. Seshia",
  TITLE = "Modeling and Verifying Systems using a Logic of Counter Arithmetic
  with Lambda Expressions and Uninterpreted Functions",
  BOOKTITLE = "14$^{th}$ International Conference on Computer Aided
  Verification (CAV)",
  MONTH = "July",
  YEAR = 2002,
}

@INPROCEEDINGS{ChakChicCAV02,
  AUTHOR = "A. Chakrabarti and L. de Alfaro and T. A. Henzinger",
  TITLE = "Interface compatibility checking for software modules",
  BOOKTITLE = "14$^{th}$ International Conference on Computer Aided 
  Verification (CAV)",
  MONTH = "July",
  YEAR = 2002
}

@INPROCEEDINGS{ChenMOPSCCS02,
  AUTHOR = "H. Chen and D. Wagner",
  TITLE = "{MOPS}: {A}n Infrastructure for Examining Security Properties of
  Software",
  BOOKTITLE = "9$^{th}$ ACM Conference on Computer and Communications Security
  (CCS)",
  MONTH = "November",
  YEAR = 2002
}

@INPROCEEDINGS{ChenSetuidSec02,
  AUTHOR = "H. Chen and D. Wagner and D. Dean",
  TITLE = "Setuid Demystified",
  BOOKTITLE = "11$^{th}$ USENIX Security Symposium",
  MONTH = "August",
  YEAR = 2002
}

@INPROCEEDINGS{ChevalierLICS03,
  AUTHOR = "Y. Chevalier and R. K{\"{u}}sters and M. Rusinowitch and M. Turuani",
  TITLE = "An {NP} Decision procedure for Protocol Insecurity with {XOR}",
  BOOKTITLE = "18$^{th}$ IEEE Symposium on Logic in Computer Science (LICS)",
  MONTH = "June",
  YEAR = 2003
}
  
@ARTICLE{ClarkeBRUTUSTOSEM00,
  AUTHOR = "E. M. Clarke and S. Jha and W. Marrero",
  TITLE = "Verifying security protocols with {Brutus}",
  JOURNAL = "ACM Transactions on Software Engineering and Methodology (TOSEM)",
  PAGES = "443-487",
  VOLUME = 9,
  NUMBER = 4,
  MONTH = "October",
  YEAR = 2000
}

@ARTICLE{ClarkeBoundedFMSD01,
  AUTHOR = "E. M. Clarke and A. Biere and R. Raimi and Y. Zhu",
  TITLE = "Bounded Model Checking using Satisfiability solving",
  JOURNAL = "Formal Methods in System Design",
  PAGES = "7--34",
  VOLUME = 19,
  NUMBER = 1,
  MONTH = "July",
  YEAR = 2001
}

@INPROCEEDINGS{ClarkeCompletenessVMCAI04,
  AUTHOR = "E. M. Clarke and D. Kroening and J. Ouaknine and O. Strichman",
  TITLE = "Completness and Complexity of Bounded Model Checking",
  BOOKTITLE = "5$^{th}$ International Conference on Verification, Model Checking
  and Abstract Interpretation (VMCAI)",
  MONTH = "January",
  YEAR = 2004
}

@INPROCEEDINGS{ComonLICS03,
  AUTHOR = "H. Comon-Lundh and V. Shmatikov",
  TITLE = "Intruder Deductions, Constraint Solving and Insecurity Decision in
  Presence of Exclusive or",
  BOOKTITLE = "18$^{th}$ IEEE Symposium on Logic in Computer Science (LICS)",
  MONTH = "June",
  YEAR = 2003
}

@INPROCEEDINGS{CowanSec01,
  AUTHOR = "C. Cowan and M. Barringer and S. Beattie and G. Kroah-Hartman and 
  M. Frantzen and J. Lokier",
  TITLE = "{FormatGuard}: {Automatic} Protection From {\tt printf} Format-String
	Vulnerabilities",
  BOOKTITLE = "10$^{th}$ USENIX Security Symposium",
  MONTH = "August",
  YEAR = 2001
}

@INPROCEEDINGS{DelineEnforcingPLDI01,
  AUTHOR = "R. DeLine and M. F{\"{a}}hndrich",
  TITLE = "Enforcing high-level protocols in low-level software",
  BOOKTITLE = "ACM SIGPLAN Conference on Programming Language Design and 
  Implementation (PLDI)",
  MONTH = "June",
  YEAR = 2001
}

@INPROCEEDINGS{demoura-cade02,
  AUTHOR = "L. de Moura and H. Rue{\ss} and M. Sorea",                                     
  TITLE = "Lazy Theorem Proving for Bounded Model Checking over Infinite Domains" ,   
  BOOKTITLE = "18$^{th}$ International Conference on Automated Deduction (CADE)",    
  MONTH = "July",
  YEAR = "2002",                                                                                        
}


@ARTICLE{DolevYao83,
  AUTHOR = "D. Dolev and A. Yao",
  TITLE = " On the security of public key protocols.",
  JOURNAL = "IEEE Transactions on Information Theory", 
  VOLUME = 29,
  NUMBER = 2,
  PAGES = "198--208", 
  YEAR = 1983
}

@INPROCEEDINGS{EnglerOSDI00,
  AUTHOR = "D. Engler and B. Chelf and A. Chou and S. Hallem",
  TITLE = "Checking System Rules Using System-Specific, Programmer-Written
  Compiler Extensions",
  BOOKTITLE = "4$^{th}$ Symposium on Operating System Design and Implementation
  (OSDI)",
  MONTH = "October",
  YEAR = 2000
}

@INPROCEEDINGS{FerraioloRBAC92,
  AUTHOR = "D. F. Ferraiolo and D. R. Kuhn",
  TITLE = "Role Based Access Control", 
  BOOKTITLE = "15$^{th}$ National Computer Security Conference", 
  MONTH = "October",
  YEAR = 1992
}

@INPROCEEDINGS{GrafCAV97,
	AUTHOR = "S. Graf and H. Saidi",
	TITLE = "Construction of abstract state graphs with {PVS}",
	BOOKTITLE = "9$^{th}$ International Conference on Computer Aided 
	Verification (CAV)",
	MONTH = "June",
	YEAR = 1997
}
	
@ARTICLE{IBMCKD01,
  AUTHOR = "{IBM Corporation}",
  TITLE = "{IBM} Comment on ``{A} Chosen Key Difference Attack on Control Vectors''",
  JOURNAL = "Unpublished Manuscript",
  NOTE = "\url{http://www.cl.cam.ac.uk/$\sim$mkb23/research/CVDif-Response.pdf}",
  MONTH = "January",
  YEAR = 2001
}

@ARTICLE{HarrisonProtectionCACM76,
  AUTHOR = "M. Harrison and W. Ruzzo and J. Ullmann",
  TITLE = "Protection in Operating Systems",
  JOURNAL = "Communications of the ACM",
  PAGES = "461--471",
  VOLUME = 19,
  NUMBER = 8,
  MONTH = "August", 
  YEAR = 1976
}

@BOOK{HoglundExploiting04,
  AUTHOR = "G. Hoglund and G. McGraw",
  TITLE = "Exploiting Software: How to Break Code",
  PUBLISHER = "Addison Wesley",
  ADDRESS = "Boston, MA",
  MONTH = "February",
  YEAR = 2004
}
  
@ARTICLE{JohnsonCCAIBM91,
  AUTHOR = "D. B. Johnson and G. M. Dolan and M. J. Kelly and A. V. Le and S.
  M. Matyas",
  TITLE = "Common Cryptographic Architecture Cryptographic Application
  Programming Interface",
  JOURNAL = "IBM Systems Journal",
  VOLUME = 30,
  NUMBER = 2,
  PAGES = "130--150",
  YEAR = 1991
}

@INPROCEEDINGS{LoweTACAS96,
  AUTHOR = "G. Lowe",
  TITLE = "Breaking and fixing the {N}eedham-{S}chroeder public-key protocol
  using {FDR}",
  BOOKTITLE = "2$^{nd}$ International Workshop Tools and Algorithms for the
  Construction and Analysis of Systems (TACAS)",
  MONTH = "March",
  YEAR = 1996
}

@INPROCEEDINGS{LoweOakland97,
  AUTHOR = "G. Lowe",
  TITLE = "Casper: {A} compiler for the analysis of security protocols",
  BOOKTITLE = "IEEE Symposium on Security and Privacy",
  MONTH = "May",
  YEAR = 1997
}

@TechReport{ManadhataAttack04,
  AUTHOR = "P. Manadhata and J. M. Wing",
  TITLE = "Measuring a system's attack surface",
  institution =  "Computer Science Department, Carnegie Mellon University",
  year = 	 "2004",
  number = 	 "CMU-CS-04-102",
  MONTH = "January"
}


@ARTICLE{MatyasControlIBM91a,
  AUTHOR = "S. M. Matyas",
  TITLE = "Key Handling with Control Vectors",
  JOURNAL = "IBM Systems Journal",
  VOLUME = 30,
  NUMBER = 2,
  PAGES = "151--174",
  YEAR = 1991
}

@ARTICLE{MatyasControlIBM91b,
  AUTHOR = "S. M. Matyas and A. V. Le and D. G. Abraham",
  TITLE = "A key management scheme based on control vectors",
  JOURNAL = "IBM Systems Journal",
  VOLUME = 30,
  NUMBER = 2,
  PAGES = "175--191",
  YEAR = 1991
}

@InProceedings{McCarthyIFIP62,
  author = "John McCarthy",
  title = "Towards a Mathematical Science of Computation",
  booktitle = "Proceedings of IFIP Congress",
  pages = "21--28",
  year = "1962"
}

@BOOK{McMillanSMC93,
  AUTHOR = "K. L. McMillan",
  TITLE = "Symbolic Model Checking",
  PUBLISHER = "Kluwer Academic Publishers",
  YEAR = 1993
}

@ARTICLE{MeadowsNRL96,
  AUTHOR = "C. Meadows",
  TITLE = "The {NRL} {P}rotocol {A}nalyzer: {A}n Overview",
  JOURNAL = "Journal of Logic Programming",
  VOLUME = 26,
  NUMBER = 2,
  PAGES = "113--131",
  YEAR = 1996
}

@INPROCEEDINGS{MitchellAutomatedIEEE97,
  AUTHOR = "J. C. Mitchell and M. Mitchell and U. Stern",
  TITLE = "Automated Analysis of Cryptographic Protocols Using {Mur$\varphi$}",
  BOOKTITLE = "IEEE Symposium on Security and Privacy",
  MONTH = "May",
  YEAR = 1997
}

@INPROCEEDINGS{MitchellFiniteSec98,
  AUTHOR = "J. C. Mitchell and V. Shmatikov and U. Stern",
  TITLE = "Finite State Analysis of {SSL}-3.0",
  BOOKTITLE = "7$^{th}$ USENIX Security Symposium",
  MONTH = "January",
  YEAR = 1998
}

@INPROCEEDINGS{MoskewiczChaffDAC01,
  AUTHOR = "M. Moskewicz and C. Madigan and Y. Zhao and L. Zhang and S. Malik", 
  TITLE = "Chaff: Engineering an Efficient {SAT} Solver", 
  BOOKTITLE = "38$^{th}$ Design Automation Conference (DAC)",
  MONTH = "June",
  YEAR = 2001
}
  
@ARTICLE{NewShamFormat00,
  AUTHOR = "T. Newsham",
  TITLE = "Format String Attacks",
  JOURNAL = "",
  NOTE = "\url{http://www.securityfocus.com/guest/3342}",
  MONTH = "September",
  YEAR = 2000
}
  
@INPROCEEDINGS{PaulsonOakland97,
  AUTHOR = "L. Paulson",
  TITLE = "Proving properties of security protocols by induction",
  BOOKTITLE = "IEEE Symposium on Security and Privacy",
  MONTH = "May",
  YEAR = 1997
}
  
@INPROCEEDINGS{RoeschSnort99,
  AUTHOR = "M. Roesch",
  TITLE = "Snort: Lightweight intrusion detection for networks",
  BOOKTITLE = "13$^{th}$ Systems Administration Conference (LISA)",
  MONTH = "November", 
  YEAR = 1999
}
  
@ARTICLE{SchneiderTISSEC00,
  AUTHOR = "F. B. Schneider",
  TITLE = "Enforceable Security Policies",
  JOURNAL = "ACM Transactions on Information and System Security (TISSEC)",
  VOLUME = 3,
  NUMBER = 1,
  PAGES = "30--50",
  MONTH = "February",
  YEAR = 2000
}

@PHDTHESIS{Schwoon2002,
  AUTHOR = "S. Schwoon",
  TITLE = "Model-Checking pushdown systems",
  SCHOOL = "Technische Universit{\"a}t M{\"u}nchen",
  YEAR = 2002
}

@INPROCEEDINGS{SekarAnomalyIEEE01,
   AUTHOR = "R. Sekar and M. Bendre and D. Dhurjati and P. Bollineni",
   TITLE = "A Fast Automaton-Based Method for Detecting Anomalous Program
   Behaviors",
   BOOKTITLE = "IEEE Symposium on Security and Privacy",
   MONTH = "May",
   YEAR = 2001
}

@INPROCEEDINGS{SeshiaLICS04,
  AUTHOR = "S. A. Seshia and R. E. Bryant",
  TITLE = "Deciding Quantifier-Free {Presburger} Formulas using Parameterized Solution Bounds",
  BOOKTITLE = "19$^{th}$ IEEE Symposium on Logic in Computer Science (LICS)",
  MONTH = "July",
  YEAR = 2004,
  NOTE = "To appear."
}
  
@INPROCEEDINGS{ShankarFormatSec01,
  AUTHOR = "U. Shankar and K. Talwar and J. S. Foster and D. Wagner",
  TITLE = "Automated Detection of Format-String Vulnerabilities Using Type
  Qualifiers",
  BOOKTITLE = "10$^{th}$ USENIX Security Symposium",
  MONTH = "August",
  YEAR = 2001
}

@ARTICLE{SIEGE,
  KEY = "siege",
  TITLE = "{S}iege {SAT} Solver",
  JOURNAL = "",
  NOTE = "\url{http://www.cs.sfu.ca/$\sim$loryan/personal}"
}

@ARTICLE{SongAthenaJCS01,
  AUTHOR = "D. Song and S. Berezin and A. Perrig",
  TITLE = "Athena: {A} novel approach to efficient automatic security protocol
  analysis",
  JOURNAL = "Journal of Computer Security",
  VOLUME = 9,
  NUMBER = "1,2", 
  PAGES = "47--74",
  YEAR = 2001
}

@INPROCEEDINGS{StumpCVCCAV02,
  AUTHOR = "A. Stump and C. W. Barrett and D. L. Dill",
  TITLE = "{CVC}: A Cooperating Validity Checker",
  BOOKTITLE = "14$^{th}$ International Conference on Computer Aided
  Verification (CAV)",
  MONTH = "July",
  YEAR = 2002
}
  
@ARTICLE{ThuemmelAnalysis01,
  AUTHOR = "A. Thuemmel",
  TITLE = "Analysis~of~format~string~bugs",
  JOURNAL = "Unpublished Manuscript",
  NOTE = "\url{downloads.securityfocus.com/library/format-bug-analysis.pdf}",
  MONTH = "February",
  YEAR = 2001
}

@ARTICLE{UCLID,
  KEY = "uclid",
  TITLE = "{UCLID}: A Verification Tool for Infinite State Systems",
  JOURNAL = "",
  NOTE = "\url{http://www.cs.cmu.edu/$\sim$uclid}"
}


