@inproceedings{crom:nsdi10,
  author = "J. Mickens and J. Elson and J. Howell and J. Lorch",
  title = "{Crom}: {Faster} {Web} Browsing using Speculative Execution",
  booktitle = "NSDI",
  year = 2010
}

@misc{cross-origin-xhr,
  title = "{HTTP} Access Control",
  author = "{Mozilla Developer Center}",
  note = "\url{http://developer.mozilla.org/En/HTTP_access_control}"
}

@misc{jsmenu,
  title = "\js\ Widgets/Menu",
  note = "\url{http://jswidgets.sourceforge.net}"
}

@misc{picpuz,
  author = "Orangoo-Labs",
  title = "Sortable list widget",
  note = "\url{http://orangoo.com/AJS/examples/sortable_list.html}"
}

%: {Gmail} like spell checker for your own application
@misc{gspell,
  author = "Orangoo-Labs",
  title = "{GoogieSpell}",
  note = "\url{http://orangoo.com/labs/GoogieSpell}",
}

@misc{noxspell,
  author = "Orangoo-Labs",
  title = "{Nox} Spell Server: {Python} Aspell Server",
  note = "\url{http://orangoo.com/labs/GoogieSpell/Download/Nox_Spell_Server/}"
}

%: A Popup Window that Doesn't Suck
@misc{gbox,
  author = "Orangoo-Labs",
  title = "{GreyBox}",
  note = "\url{http://orangoo.com/labs/GreyBox}",
}

@misc{cpicker,
  title = "JQuery {UI} Slider Plugin",
  note = "\url{http://jqueryui.com/demos/slider}",
}

@misc{dom-level,
  title = "Document Object Model Events",
  author = "WWW-Consortium",
  note = "\url{http://www.w3.org/TR/DOM-Level-2-Events/events.html}",
  month = "Nov",
  year = 2000
}

@misc{ecma,
  title = "{ECMAScript} Language Spec., {ECMA-262}, $5^{th}$ Edition",
  month = "Dec",
  year = 2009
}

@inproceedings{plas10,
  author = "M. Dhawan and C.-C Shan and V. Ganapathy",
  title = "Position paper: The Case for {\js} Transactions",
  booktitle = "5$^{th}$ ACM SIGPLAN PLAS Workshop",
  month = "June",
  year = 2010
}

@inproceedings{stagedif:pldi09,
  author = "R. Chugh and J. Meister and R. Jhala and S. Lerner",
  title = "Staged Information Flow in {\js}",
  booktitle = "ACM SIGPLAN PLDI",
  year = 2009
}

@inproceedings{wrappers:esorics09,
  author = "S. Maffeis and J. C. Mitchell and A. Taly",
  title = "Isolating {\js} with Filters, Rewriting and Wrappers",
  booktitle = "ESORICS",
  year = 2009
}

@inproceedings{language:csf09,
  author = "S. Maffeis and A. Taly",
  title = "Language Based Isolation of Untrusted {\js}",
  booktitle = "IEEE CSF",
  year = 2009
}

@inproceedings{semantics:aplas08,
  author = "S. Maffeis and J. C. Mitchell and A. Taly",
  title = "An Operational Semantics for {\js}",
  booktitle = "APLAS",
  month = "October",
  year = 2008
}

@inproceedings{mmt10,
  author = "S. Maffeis and J. C. Mitchell and A. Taly",
  title = "Object Capabilities and Isolation of Untrusted {Web} Applications",
  booktitle = "IEEE S\&P",
  year = 2010
}

@InProceedings{  reynolds-definitional-notes,
  author  = "John C. Reynolds",
  title    = "Definitional Interpreters for Higher-Order Programming Languages",
  pages    = "717--740",
  crossref  = "acm1972",
  note    = "Reprinted as \cite{reynolds-definitional}",
  volume  = 2,
  abstract  = "Higher-order programming languages (i.e., languages in which procedures or labels can occur as values) are usually defined by interpreters which are themselves written in a programming language based on the lambda
      calculus (i.e., an applicative language such as pure LISP). Examples include McCarthy's definition of LISP, Landin's SECD machine, the Vienna definition of PL/I, Reynolds' definitions of GEDANKEN, and recent unpublished
      work by L. Morris and C. Wadsworth. Such definitions can be classified according to whether the interpreter contains higher-order functions, and whether the order of application (i.e., call-by-value versus call-by-name) in
      the defined language depends upon the order of application in the defining language. As an example, we consider the definition of a simple applicative programming language by means of an interpreter written in a similar
      language. Definitions in each of the above classifications are derived from one another by informal but constructive methods. The treatment of imperative features such as jumps and assignment is also discussed."
}

@Article{  reynolds-definitional,
  author  = "John C. Reynolds",
  title    = "Definitional Interpreters for Higher-Order Programming Languages",
  journal  = "Higher-Order and Symbolic Computation",
  year    = 1998,
  volume  = 11,
  number  = 4,
  pages    = "363--397",
  url    = "http://www.brics.dk/~hosc/local/HOSC-11-4-pp363-397.pdf ftp://ftp.cs.cmu.edu/user/jcr/defint.ps.gz",
  abstract  = "Higher-order programming languages (i.e., languages in which procedures or labels can occur as values) are usually defined by interpreters that are themselves written in a programming language based on the lambda calculus
      (i.e., an applicative language such as pure LISP). Examples include McCarthy's definition of LISP, Landin's SECD machine, the Vienna definition of PL/I, Reynolds' definitions of GEDANKEN, and recent unpublished work by L.
      Morris and C. Wadsworth. Such definitions can be classified according to whether the interpreter contains higher-order functions, and whether the order of application (i.e., call by value versus call by name) in the
      defined language depends upon the order of application in the defining language. As an example, we consider the definition of a simple applicative programming language by means of an interpreter written in a similar
      language. Definitions in each of the above classifications are derived from one another by informal but constructive methods. The treatment of imperative features such as jumps and assignment is also discussed.",
  keywords  = "programming language, language definition, interpreter, lambda calculus, applicative language, higher-order function, closure, order of application, continuation, LISP, GEDANKEN, PAL, SECD machine, J-operator, reference"
}

@Article{  plotkin-call,
  author  = "Gordon D. Plotkin",
  title    = "Call-by-Name, Call-by-Value and the $\lambda$-Calculus",
  journal  = "Theor. Comp. Sci.",
  year    = 1975,
  volume  = 1,
  number  = 2,
  pages    = "125--159",
  url    = "http://homepages.inf.ed.ac.uk/gdp/publications/cbn_cbv_lambda.pdf"
}

@InProceedings{  gasbichler-final,
  author  = "Martin Gasbichler and Michael Sperber",
  title    = "Final Shift for Call/cc: Direct Implementation of Shift and Reset",
  pages    = "271--282",
  crossref  = "icfp2002",
  url    = "http://www-pu.informatik.uni-tuebingen.de/users/sperber/papers/shift-reset-direct.ps.gz http://www-pu.informatik.uni-tuebingen.de/users/sperber/papers/shift-reset-direct.pdf",
  abstract  = "We present a direct implementation of the shift and reset control operators in the Scheme 48 system. The new implementation improves upon the traditional technique of simulating shift and reset via call/cc. Typical
      applications of these operators exhibit space savings and a significant overall performance gain. Our technique is based upon the popular incremental stack/heap strategy for representing continuations. We present
      implementation details as well as some benchmark measurements for typical applications."
}

@InProceedings{  kiselyov-delimited,
  author  = {O. Kiselyov and Shan, C-C. and A. Sabry},
  title    = "Delimited Dynamic Binding",
  pages    = "26--37",
  crossref  = "icfp2006",
  url    = "http://www.cs.rutgers.edu/~ccshan/dynscope/"
}

@Proceedings{  icfp2002,
  key    = "{\relax ICFP}",
  title    = "ICFP",
  booktitle  = "ICFP",
  address  = pub_acm_addr,
  publisher  = pub_acm,
  year    = 2002,
  location  = "Pittsburgh, PA"
}

@Proceedings{  icfp2006,
  key    = "{\relax ICFP}",
  title    = "ICFP",
  booktitle  = "ICFP",
  address  = pub_acm_addr,
  publisher  = pub_acm,
  year    = 2006,
  location  = "Portland, OR"
}

@inproceedings{mashupos,
 author = {Wang, H. J. and Fan, X. and Howell, J. and Jackson, C.},
 title = {Protection and communication abstractions for web browsers in
{MashupOS}},
 booktitle = {ACM SOSP},
 year = {2007},
 }


@inproceedings{porter:operating:sosp:2009,
  author  = {Porter, D. E. and Hofmann, O. S. and Rossbach, C. J. and Benn, A. and Witchel, E.},
  title    = {Operating Systems Transactions},
  booktitle  = {ACM SOSP},
  year    = {2009},
}

@InProceedings{Seltzer:osdi96,
  author = "M. I. Seltzer and Y. Endo and C. Small and K. A. Smith",
  title = "Dealing With Disaster: Surviving Misbehaved Kernel Extensions",
  booktitle = "OSDI",
  year = 1996,
}

@inproceedings{conscript:oak10,
  author  = "L. Meyerovich and B. Livshits",
  title    = "ConScript: {Specifying} and Enforcing Fine-Grained Security
  Policies for \js\ in the Browser",
  booktitle  = "IEEE S\&P",
  year    = 2010,
}

@article{  fbjs,
  author  = "Facebook",
  title    = "{FBJS} - {Facebook} DeveloperWiki",
  year    = 2007,
}

@Article{  caja,
  author  = "M. S. Miller and M. Samuel and B. Laurie and I. Awad and M. Stay",
  title    = "Caja: {Safe} active content in sanitized \js",
  note = "Manuscript",
  year    = 2008,
}

@Article{  caja_review,
  author  = "Google",
  title    = "Caja External Security Review",
  note = "Manuscript",
  year    = 2009,
}

@Article{  adsafe,
  author  = "D. Crockford",
  title    = "{ADsafe} - {Making} \js\ Safe for Advertising",
  note    = "\url{http://adsafe.org}"
}

@misc{  mootools,
  title  = "MooTools--a compact \js\ framework",
  note    = "\url{http://mootools.net}",
}

@misc{  dom,
  title  = "Document Object Model",
  note    = "\url{http://www.w3.org/DOM}",
}

@article{browsershield,
 author = {Reis, C. and Dunagan, J. and Wang, H. J. and Dubrovsky, O. and Esmeir, S.},
 title = {BrowserShield: Vulnerability-driven filtering of dynamic {HTML}},
 journal = {ACM Trans. Web},
 volume = {1},
 number = {3},
 year = {2007},
 issn = {1559-1131},
 pages = {11},
 publisher = {ACM},
 address = {New York, NY, USA},
 }

@inproceedings{provos_hotbots2007,
 author = {Provos, N. and McNamee, D. and Mavrommatis, P. and Wang, K. and Modadugu, N.},
 title = {The ghost in the browser analysis of web-based malware},
 booktitle = {First HotBots workshop},
 year = {2007},
 }

@PhDThesis{  felleisen-calculi,
  author  = "M. Felleisen",
  title    = "The Calculi of $\lambda_v$-{CS} Conversion: A Syntactic Theory of Control and State in Imperative Higher-Order Programming Languages",
  school  = "Comp. Sci. Dept., Indiana Univ.",
  year    = 1987,
}

@INPROCEEDINGS{see:ndss05,
    author = {W. Sun and Z. Liang and R. Sekar and V. N. Venkatakrishnan},
    title = {One-way Isolation: An Effective Approach for Realizing Safe Execution Environments},
    booktitle = {NDSS},
    year = {2005},
}

@inproceedings{corescript:popl07,
  title = "\js\ instrumentation for browser security",
  author = "D. Yu and A. Chander and N. Islam and I. Serikov",
  booktitle = "ACM POPL",
  year = 2007
}

@inproceedings{phung:asiaccs09,
  title = "Lightweight Self-Protecting \js",
  author = "P. Phung and D. Sands and A. Chudnov",
  booktitle = "ASIACCS",
  year = 2009
}

@inproceedings{tmi-ccs08,
  author = "A. Birgisson and M. Dhawan and U. Erlingsson and V. Ganapathy and
  L. Iftode",
  title = "Enforcing Authorization Policies using Transactional Memory
  Introspection",
  booktitle = "ACM CCS",
  year = 2008
}

@inproceedings{views:www10,
  author = "L. Meyerovich and A. Porter Felt and M. S. Miller",
  title = "Object Views: {Fine}-Grained Sharing in Browsers",
  booktitle = "WWW",
  year = 2010
}

@inproceedings{gatekeeper:sec09,
  author = "S. Guarnieri and B. Livshits",
  title = "{GateKeeper}: {Mostly} Static Enforcement of Security and
  Reliability Policies for \js\ Code",
  booktitle = "USENIX Security",
  year = 2009
}

@inproceedings{leaks:ndss10,
  author = "M. Finifter and J. Weinberger and A. Barth",
  title = "Preventing Capability Leaks in Secure \js\ Subsets",
  booktitle = "NDSS",
  year = 2010
}

@misc{jquery,
  title = "{jQuery}: The Write Less, Do More, \js\ Library",
  note = "\url{http://jquery.com}"  
}

@misc{ajs,
  title = "{AJS}: The ultra lightweight \js\ library",
  note = "\url{http://orangoo.com/labs/AJS/}"  
}

@misc{html5,
  title = "{The Validator.nu HTML Parser}",
  note = "\url{http://blog.whatwg.org/html5-live-dom-in-javascript}"  
}

@inproceedings{ccc_06,
  author = "S. Di Paola and G. Fedon",
  title = "Subverting {Ajax}: {Next} generation vulnerabilities in 2.0 {Web}
Applications",
  booktitle = "23rd Chaos Communication Congress",
  year = 2006
}


@inproceedings{washizaki,
 author = "{H. Washizaki \etal}",
 title = "{AOJS}: {Aspect-oriented} \js\ programming framework for {Web} development",
 booktitle = {Intl. wkshp. Aspects, components, and patterns for infrastructure software},
 year = {2009},
}


@misc{dojo_secure,
  title = "Secure Mashups with dojox.secure.",
  author = "Kris Zyp",
  note = "\url{http://www.sitepen.com/blog/2008/08/01/secure-mashups-with-dojoxsecure/.}"  
}

@misc{Mozilla_content_policy,
  title = "Mozilla Wiki. Content Security Policy Spec.",
  note = "\url{https://wiki.mozilla.org/Security/CSP/Spec}"  
}

@misc{jacaranda,
  title = "Jacaranda Language Specification draft 0.46.",
  author = "David-Sarah Hopwood",
  note = "\url{http://jacaranda.org/jacaranda-spec-0.46.txt}"  
}

@InProceedings{gatekeeper,
  title        = "Gatekeeper: Mostly Static Enforcement of Security and Reliability Policies for \js\ Code",
  author       = "Salvatore Guarnieri and Benjamin Livshits",
  year         = "2009",
  month        = aug,
  booktitle    = "Proceedings of the Usenix Security Symposium",
}


@inproceedings{aplas08,
 author = {Kikuchi, Haruka and Yu, Dachuan and Chander, Ajay and Inamura, Hiroshi and Serikov, Igor},
 title = {\js\ Instrumentation in Practice},
 booktitle = {APLAS '08: Proceedings of the 6th Asian Symposium on Programming Languages and Systems},
 year = {2008},
 isbn = {978-3-540-89329-5},
 pages = {326--341},
 location = {Bangalore, India},
 doi = {http://dx.doi.org/10.1007/978-3-540-89330-1_23},
 publisher = {Springer-Verlag},
 address = {Berlin, Heidelberg},
 }


 @inproceedings{popl06,
 author = {Dantas, Daniel S. and Walker, David},
 title = {Harmless advice},
 booktitle = {POPL '06: Conference record of the 33rd ACM SIGPLAN-SIGACT symposium on Principles of programming languages},
 year = {2006},
 isbn = {1-59593-027-2},
 pages = {383--396},
 location = {Charleston, South Carolina, USA},
 doi = {http://doi.acm.org/10.1145/1111037.1111071},
 publisher = {ACM},
 address = {New York, NY, USA},
 }
 
 @INPROCEEDINGS{mets:hotos07,
    author = {U. Erlingsson and B. Livshits and Y. Xie},
    title = {End-to-end {Web} application security},
    booktitle = {HotOS},
    year = {2007}
}

@inproceedings{beep,
  author = {Jim, T. and Swamy, N. and Hicks, M.},
  title = {Defeating script injection attacks with browser-enforced embedded policies},
  booktitle = {WWW},
  year = {2007}
}
 
@inproceedings{guha,
  author = {Guha, A. and Krishnamurthi, S. and Jim, T.},
   title = {Using static analysis for {Ajax} intrusion detection},
  booktitle = {WWW},
  year = {2009},
}
 
@inproceedings{1485369,
  author = {Kikuchi, H. and Yu, D. and Chander, A. and Inamura, H. and Serikov, I.},
  title = {\js\ Instrumentation in Practice},
  booktitle = {APLAS},
   year = {2008},
}

@INPROCEEDINGS{adsandbox,
  author = {Louw, M. T. and Ganesh, K. T. and Venkatakrishnan, V.N.},
  title = {AdJail: {Practical} Enforcement of Confidentiality and Integrity Policies On {Web} Advertisements},
  booktitle = {USENIX Security},
  year = {2010}
}

@misc{bigace,
  author = "",
  title = "{BIGACE} Web Content Management System",
  note = "\url{http://www.bigace.de/}"
}

@misc{twitter,
  author = "",
  title = "Twitter/Profile Widget",
  note = "\url{http://twitter.com/about/resources/widgets/widget_profile}"
}

@misc{addthis,
  author = "",
  title = "AddThis",
  note = "\url{http://www.addthis.com/}"
}

@misc{opera_bug,
  author = "H. R. M. Steen",
  title = "Websites playing timing roulette",
  note ="\url{http://my.opera.com/hallvors/blog/2009/03/07/websites-playing-timing-roulette}"
}

@phdthesis{ulfarthesis,
  author = "\'{U}. Erlingsson",
  title = "The Inlined Reference Monitor Approach to Security Policy
  Enforcement",
  school = "Cornell University",
  year = 2004
}

@inproceedings{polymer:pldi05,
  author = "L. Bauer and J. Ligatti and D. Walker",
  title = "Composing Security Policies with {Polymer}",
  booktitle = "ACM PLDI",
  year = 2005
}


@inproceedings{evans:oak99,
  author = "D. Evans and A. Twyman",
  title = "Flexible Policy-Directed Code Safety",
  booktitle = "IEEE S\&P",
  year = 1999
}

@inproceedings{blueprint:oak09,
  author = "M. Ter Louw and V. N. Venkatakrishnan",
  title = "{Blueprint}: Robust prevention of cross-site scripting attacks for
  existing browsers",
  booktitle = "IEEE S\&P",
  year = 2009
}

@inproceedings{virtualbrowser:ccs10,
  author = "Y. Cao and Z. Li and V. Rastogi and Y. Chen",
  title = "Virtual Browser: a {Web}-Level Sandbox to Secure
  Third-party \js\ without Sacrificing Functionality (poster)",
  booktitle = "ACM CCS",
  year = 2010
}

@inproceedings{txbox,
	author = "S. Jana and V. Shmatikov and D. Porter",
	title = "{TxBox}: {Building} Secure, Efficient Sandboxes with System
	Transactions",
	booktitle = "IEEE S\&P",
	year = 2011
}

@article{cute,
 author = {Sen, Koushik and Marinov, Darko and Agha, Gul},
 title = {CUTE: a concolic unit testing engine for C},
 journal = {SIGSOFT Softw. Eng. Notes},
 volume = {30},
 issue = {5},
 month = {September},
 year = {2005}
}

@article{dart,
 author = {Godefroid, Patrice and Klarlund, Nils and Sen, Koushik},
 title = {DART: directed automated random testing},
 journal = {SIGPLAN Not.},
 volume = {40},
 issue = {6},
 month = {June},
 year = {2005}
}

@misc{dom_xss,
  author = "",
  title = "DOM-based XSS Injection",
  note = "\url{https://www.owasp.org/index.php/Interpreter_Injection#DOM-based_XSS_Injection}"
}

@article{parascript:hpca11,
  author = {Mojtaba Mehrara and Po-Chun Hsu and Mehrzad Samadi and Scott
Mahlke},
  title = {Dynamic parallelization of JavaScript applications using an
ultra-lightweight speculation mechanism},
  journal ={High-Performance Computer Architecture, International Symposium on},
  volume = {0},
  isbn = {978-1-4244-9432-3},
  year = {2011},
  pages = {87-98},
  doi = {http://doi.ieeecomputersociety.org/10.1109/HPCA.2011.5749719},
  publisher = {IEEE Computer Society},
  address = {Los Alamitos, CA, USA},
}

@misc{harmony_modules,
  author = "ECMAScript",
  title = "Harmony Modules",
  howpublished = {\url{http://wiki.ecmascript.org/doku.php?id=harmony:modules}},
}

@misc{html5_sandbox,
  author = "Ian Hickson",
  title = "HTML iframe sandbox attribute",
  howpublished =
{\url{
http://www.whatwg.org/specs/web-apps/current-work/multipage/the-iframe-element.h
tml#attr-iframe-sandbox}},
}

@inproceedings{warth:ecoop11,
 author = {Warth, Alessandro and Ohshima, Yoshiki and Kaehler, Ted and Kay,
Alan},
 title = {Worlds: controlling the scope of side effects},
 booktitle = {Proceedings of the 25th European conference on Object-oriented
programming},
 series = {ECOOP'11},
 year = {2011},
 isbn = {978-3-642-22654-0},
 location = {Lancaster, UK},
 pages = {179--203},
 numpages = {25},
 url = {http://dl.acm.org/citation.cfm?id=2032497.2032510},
 acmid = {2032510},
 publisher = {Springer-Verlag},
 address = {Berlin, Heidelberg},
} 