@article{thompson,
 author = {Thompson, Ken},
 title = {Programming Techniques: Regular expression search algorithm},
 journal = {Commun. ACM},
 volume = {11},
 issue = {6},
 month = {June},
 year = {1968},
 issn = {0001-0782},
 pages = {419--422},
 numpages = {4},
 url = {http://doi.acm.org/10.1145/363347.363387},
 doi = {http://doi.acm.org/10.1145/363347.363387},
 acmid = {363387},
 publisher = {ACM},
 address = {New York, NY, USA},
 keywords = {match, regular expression, search},
} 

@article{pike,
 author = {Pike, Rob},
 title = {The text editor sam},
 journal = {Softw. Pract. Exper.},
 volume = {17},
 issue = {11},
 month = {November},
 year = {1987},
 issn = {0038-0644},
 pages = {813--845},
 numpages = {33},
 url = {http://portal.acm.org/citation.cfm?id=35703.35707},
 doi = {10.1002/spe.4380171105},
 acmid = {35707},
 publisher = {John Wiley \& Sons, Inc.},
 address = {New York, NY, USA},
} 

@misc{arcsight,
  author = {ArcSight},
  title = {ArcSight {ESM}},
  howpublished = {\url{http://www.arcsight.com/products/products-esm/}}
}

@misc{loglogic,
  author = {LogLogic},
  title = {Loglogic Products Index},
  howpublished = {\url{http://www.loglogic.com/products/overview}}
}

@misc{gartner,
  author = {Mark Nicholett and Kelly M. Kavanagh},
  title = {2011 Magic Quadrant for Security Information and Event Management {(SIEM)}},
  year = {2011},
  month = {May},
  howpublished={\url{http://www.gartner.com/DisplayDocument?doc\_cd=212454}}
}

@misc{splunk,
  author = {Splunk},
  title = {What is {Splunk}?},
  howpublished = {\url{http://www.splunk.com/product}}
}

@inproceedings{yang-raid10,
  author = {Liu Yang and Rezwana Karim and Vinod Ganapathy and Randy Smith},
  title = {Improving NFA-based Signature Matching using Ordered Binary Decision Diagrams},
  booktitle = {RAID'10},
  series = {Lecture Notes in Computer Science (LNCS)},
  volume = {6307},
  month = {September},
  year = {2010},
  pages = {58--78},
  address = {Ottawa, Canada},
  publisher = {Springer}
}

@article{bryant86,
 author = {Bryant, Randal E.},
 title = {Graph-Based Algorithms for Boolean Function Manipulation},
 journal = {IEEE Trans. Comput.},
 issue_date = {August 1986},
 volume = {35},
 issue = {8},
 month = {August},
 year = {1986},
 issn = {0018-9340},
 pages = {677--691},
 numpages = {15},
 url = {http://dx.doi.org/10.1109/TC.1986.1676819},
 acmid = {6433},
 publisher = {IEEE Computer Society},
 address = {Washington, DC, USA},
 keywords = {symbolic manipulation, Boolean functions, binary decision diagrams, logic design verification},
} 

@book{automata-book,
title={Introduction to automata theory, languages, and computation},
author={John E. Hopcroft and Rajeev Motwani and Jeferey D. Ullman},
publisher={Addison Wesley},
year={2001}
}

@techreport{horne,
author={William Horne}, 
title={Efficient Submatch Extraction for Regular Expressions}, 
institution={HP Labs}, 
year={2011}
}

@misc{re2,
title={Implementing Regular Expressions},
author={Russ Cox},
year={2007},
month={},
howpublished={\url{http://swtch.com/~rsc/regexp/}}
}

@inproceedings{laurikari,
author={Ville Laurikari}, 
title={{NFA}s with Tagged Transitions, their Conversion to Deterministic Automata and Application to Regular Expressions},
booktitle={Proceedings of the Symposium on String Processing and Information Retrieval}, 
month={September},
year={2000}
}

@inproceedings{bcm+90,
  author = "J. R. Burch and E. M. Clarke and K. L. McMillan and D. L. Dill and
  J. Hwang",
  title = "Symbolic model checking: 10$^{20}$ states and beyond",
  booktitle = "Symp. on Logic in Computer Science",
  pages     = {401--424},
  publisher = {IEEE Computer Society},
  year = 1990
}

@inproceedings{xfa:oakland:2008,
  author = "R. Smith and C. Estan and S. Jha",
  title = "{XFA}: Faster Signature Matching with Extended Automata",
  booktitle = "Symp. on Security and Privacy",
  publisher = {IEEE Computer Society},
  pages = "187--201",
  year = 2008
}

@inproceedings{xfa:sigcomm:2008,
  author = "R. Smith and C. Estan and S. Jha and S. Kong",
  title = "Deflating the {Big} {Bang}: {Fast} and Scalable Deep Packet Inspection
  with Extended Finite Automata",
  booktitle = "SIGCOMM Conference",
  year = 2008,
  pages = "207--218",
  publisher = "ACM"
}

@inproceedings{fangyu:ANCS06,
  author = {F. Yu and Z. Chen and Y. Diao and T. V. Lakshman 
            and R. H. Katz},
  title  = {Fast and memory-efficient regular expression matching for 
            deep packet inspection},
  booktitle = {ACM/IEEE Symp. on 
               Arch. for Networking and Comm. Systems},
  year = {2006},
  pages = {93--102},
  location = {San Jose, California, USA},
}

@misc{cox07,
  author = "R. Cox",
  title = "Regular Expression Matching Can be Simple And Fast (but is slow in
  {Java}, {Perl}, {PHP}, {Python}, {Ruby}, ...)",
  year = 2007,
  note = "url{http://swtch.com/$\sim$rsc/regexp/regexp1.html}"
}

@InProceedings{SEJ06Backtracking,
  author =	 {R. Smith and C. Estan and S. Jha},
  title = 	{Backtracking Algorithmic Complexity Attacks against a {NIDS}},
  year = 	 2006,
  pages     = {89--98},
  publisher = {IEEE Computer Society},
  booktitle =    { Annual Computer Security 
                  Applications Conf.}
}

@misc{pcre,
  author = {PCRE},
  title = {The {Perl} Compatible Regular Expression Library},
  note = {\url{http://www.pcre.org}}
}

@misc{cudd,
  title = "{CUDD}: {CU} Decision Diagram Package, Release 2.4.2",
  author = "F. Somenzi",
  howpublished="\url{http://vlsi.colorado.edu/~fabio/CUDD/}"
}

@article{darpa-traces,
  author = "R. Lippmann and J. W. Haines and D. J. Fried and J. Korba and K.
  Das",
  title = "The 1999 {DARPA} Off-line Intrusion Detection Evaluation",
  journal = "Computer Networks",
  volume = 34,
  number = 4,
  pages = "579--595",
  month = "October",
  year = 2000
}

@article{ykgs:nfa-obdd:comnet,
  author = {Liu Yang and Rezwana Karim and Vinod Ganapathy and Randy Smith},
  title = {Fast, Memory-efficient Regular Expression Matching with NFA-OBDDs},
  journal = {Computer Networks},
  month = {October},
  year = {2011},
  volume = {55},
  number = {15},
  pages = {3376-3393},
  issn = {1389-1286},
  doi = {10.1016/j.comnet.2011.07.002},
  publisher = {Elsevier BV, Netherlands}
}

@inproceedings{btc06,
  author = "B. C. Brodie and D. E. Taylor and R. K. Cytron",
  title = "A Scalable Architecture for High-Throughput Regular-Expression
  Pattern Matching",
  booktitle = "Intl. Symp. Computer Architecture",
  pages     = {191--202},
  publisher = {IEEE Computer Society},
  year = 2006
}

@inproceedings{Sommer:CCS:2003,
 author = "R. Sommer and V. Paxson",
 title  = "Enhancing Byte-Level Network Intrusion Detection Signatures 
           with Context",
 booktitle = {Conf. on Computer and Comm. Security},
 pages     = {262-271},
 publisher = {ACM},
 year = {2003},
}

@InProceedings{kumar06hwrematching,
  author = 	 {S. Kumar and S. Dharmapurikar and F. Yu and 
                  P. Crowley and J. Turner},
  title = 	 {Algorithms to Accelerate Multiple Regular Expressions 
                  Matching for Deep Packet Inspection},
  booktitle = 	 {ACM SIGCOMM Conference},
  year =	 {2006},
	pages = "339-350",
  publisher = "ACM "
}

@inproceedings{meiners:sec10,
	author = "C. Meiners and J. Patel and E. Norige and E. Torng and A. X. Liu",
	title = "Fast Regular Expression Matching using Small {TCAMs} for Network
	Intrusion Detection and Prevention Systems",
	booktitle = "19th USENIX Security Symposium",
	month = "August",
	year = 2010
}

@InProceedings{clark04FPGAPatternMatching,
   author = {C. R. Clark and D. E. Schimmel},
   title = {Scalable Pattern Matching for High-Speed Networks},
   bookTitle = {IEEE Symp. on Field-Programmable Custom Computing Machines},
   publisher = {IEEE Computer Society},
   pages = "249--257",
   year = {2004},
}

@inproceedings{nfa-fpga-HFC,
  author = {Hutchings, B. L. and Franklin, R. and Carver, D.},
  title = {Assisting Network Intrusion Detection with Reconfigurable Hardware},
  booktitle = {Annual Symp. on
  Field-Programmable Custom Computing Machines},
  pages     = {111--120},
  publisher = {IEEE Computer Society},
  year = {2002},
}

@InProceedings{sidhu01fast,
  author = 	 {R. Sidhu and V. Prasanna},
  title = 	 {Fast Regular Expression Matching using {FPGA}s},
  booktitle = 	 {Symp. on Field-Programmable Custom Computing Machines},
  pages = {227--238},
  publisher = {IEEE Computer Society},
  year =	 {2001}
}

