@article{thompson,
 author = {Thompson, Ken},
 title = {Programming Techniques: Regular expression search algorithm},
 journal = {Commun. ACM},
 volume = {11},
 issue = {6},
 month = {June},
 year = {1968},
 issn = {0001-0782},
 pages = {419--422},
 numpages = {4},
 url = {http://doi.acm.org/10.1145/363347.363387},
 doi = {http://doi.acm.org/10.1145/363347.363387},
 acmid = {363387},
 publisher = {ACM},
 address = {New York, NY, USA},
 keywords = {match, regular expression, search},
} 

@article{pike,
 author = {Pike, Rob},
 title = {The text editor sam},
 journal = {Softw. Pract. Exper.},
 volume = {17},
 issue = {11},
 month = {November},
 year = {1987},
 issn = {0038-0644},
 pages = {813--845},
 numpages = {33},
 url = {http://portal.acm.org/citation.cfm?id=35703.35707},
 doi = {10.1002/spe.4380171105},
 acmid = {35707},
 publisher = {John Wiley \& Sons, Inc.},
 address = {New York, NY, USA},
} 

@misc{arcsight,
  author = {ArcSight},
  title = {ArcSight {ESM}},
  howpublished = {\url{http://www.arcsight.com/products/products-esm/}}
}

@misc{loglogic,
  author = {LogLogic},
  title = {Loglogic Products Index},
  howpublished = {\url{http://www.loglogic.com/products/overview}}
}

@misc{gartner,
  author = {Mark Nicholett and Kelly M. Kavanagh},
  title = {2011 Magic Quadrant for Security Information and Event Management {(SIEM)}},
  year = {2011},
  month = {May},
  howpublished={\url{http://www.gartner.com/DisplayDocument?doc\_cd=212454}}
}

@misc{splunk,
  author = {Splunk},
  title = {What is {Splunk}?},
  howpublished = {\url{http://www.splunk.com/product}}
}

@inproceedings{yang-raid10,
  author = {Liu Yang and Rezwana Karim and Vinod Ganapathy and Randy Smith},
  title = {Improving NFA-based Signature Matching using Ordered Binary Decision Diagrams},
  booktitle = {RAID'10},
  series = {Lecture Notes in Computer Science (LNCS)},
  volume = {6307},
  month = {September},
  year = {2010},
  pages = {58--78},
  address = {Ottawa, Canada},
  publisher = {Springer}
}

@article{bryant86,
 author = {Bryant, Randal E.},
 title = {Graph-Based Algorithms for Boolean Function Manipulation},
 journal = {IEEE Trans. Comput.},
 issue_date = {August 1986},
 volume = {35},
 issue = {8},
 month = {August},
 year = {1986},
 issn = {0018-9340},
 pages = {677--691},
 numpages = {15},
 url = {http://dx.doi.org/10.1109/TC.1986.1676819},
 acmid = {6433},
 publisher = {IEEE Computer Society},
 address = {Washington, DC, USA},
 keywords = {symbolic manipulation, Boolean functions, binary decision diagrams, logic design verification},
} 

@book{automata-book,
title={Introduction to automata theory, languages, and computation},
author={John E. Hopcroft and Rajeev Motwani and Jeferey D. Ullman},
publisher={Addison Wesley},
year={2001}
}

@techreport{horne,
author={William Horne}, 
title={Efficient Submatch Extraction for Regular Expressions}, 
institution={HP Labs}, 
year={2011}
}

@misc{re2,
title={Implementing Regular Expressions},
author={Russ Cox},
year={2011},
month={Last retrieved in August},
howpublished={\url{http://swtch.com/~rsc/regexp/}}
}

@inproceedings{laurikari,
author={Ville Laurikari}, 
title={{NFA}s with Tagged Transitions, their Conversion to Deterministic Automata and Application to Regular Expressions},
booktitle={SPIRE'00}, 
month={September},
year={2000}
}

@inproceedings{bcm+90,
  author = "J. R. Burch and E. M. Clarke and K. L. McMillan and D. L. Dill and
  J. Hwang",
  title = "Symbolic model checking: 10$^{20}$ states and beyond",
  booktitle = "Symp. on Logic in Computer Science",
  pages     = {401--424},
  publisher = {IEEE Computer Society},
  year = 1990
}

@inproceedings{xfa:oakland:2008,
  author = "R. Smith and C. Estan and S. Jha",
  title = "{XFA}: Faster Signature Matching with Extended Automata",
  booktitle = "Symp. on Security and Privacy",
  publisher = {IEEE Computer Society},
  pages = "187--201",
  year = 2008
}

@inproceedings{xfa:sigcomm:2008,
  author = "R. Smith and C. Estan and S. Jha and S. Kong",
  title = "Deflating the {Big} {Bang}: {Fast} and Scalable Deep Packet Inspection
  with Extended Finite Automata",
  booktitle = "SIGCOMM Conference",
  year = 2008,
  pages = "207--218",
  publisher = "ACM"
}

@inproceedings{fangyu:ANCS06,
  author = {F. Yu and Z. Chen and Y. Diao and T. V. Lakshman 
            and R. H. Katz},
  title  = {Fast and memory-efficient regular expression matching for 
            deep packet inspection},
  booktitle = {ACM/IEEE Symp. on 
               Arch. for Networking and Comm. Systems},
  year = {2006},
  pages = {93--102},
  location = {San Jose, California, USA},
}

@misc{cox07,
  author = "R. Cox",
  title = "Regular Expression Matching Can be Simple And Fast",
  year = {2007},
  howpublished = {\url{http://swtch.com/~rsc/regexp/regexp1.html}}
}

@InProceedings{SEJ06Backtracking,
  author =	 {R. Smith and C. Estan and S. Jha},
  title = 	{Backtracking Algorithmic Complexity Attacks against a {NIDS}},
  year = 	 2006,
  pages     = {89--98},
  publisher = {IEEE Computer Society},
  booktitle =    { Annual Computer Security 
                  Applications Conf.}
}

@misc{pcre,
  author = {PCRE},
  title = {The {Perl} Compatible Regular Expression Library},
  note = {\url{http://www.pcre.org}}
}

@misc{cudd,
  title = "{CUDD}: {CU} Decision Diagram Package, Release 2.4.2",
  author = "F. Somenzi",
  note = "Department of Electrical, Computer, and Energy Engineering,
  University of Colorado at Boulder. 
  \url{http://vlsi.colorado.edu/$\sim$fabio/CUDD}"
}

@article{darpa-traces,
  author = "R. Lippmann and J. W. Haines and D. J. Fried and J. Korba and K.
  Das",
  title = "The 1999 {DARPA} Off-line Intrusion Detection Evaluation",
  journal = "Computer Networks",
  volume = 34,
  number = 4,
  pages = "579--595",
  month = "October",
  year = 2000
}

@article{ykgs:nfa-obdd:comnet,
  author = {Liu Yang and Rezwana Karim and Vinod Ganapathy and Randy Smith},
  title = {Fast, Memory-efficient Regular Expression Matching with NFA-OBDDs},
  journal = {Computer Networks},
  month = {October},
  year = {2011},
  volume = {55},
  number = {15},
  pages = {3376-3393},
  issn = {1389-1286},
  doi = {10.1016/j.comnet.2011.07.002},
  publisher = {Elsevier BV, Netherlands}
}

@inproceedings{btc06,
  author = "B. C. Brodie and D. E. Taylor and R. K. Cytron",
  title = "A Scalable Architecture for High-Throughput Regular-Expression
  Pattern Matching",
  booktitle = "Intl. Symp. Computer Architecture",
  pages     = {191--202},
  publisher = {IEEE Computer Society},
  year = 2006
}

@inproceedings{Sommer:CCS:2003,
 author = "R. Sommer and V. Paxson",
 title  = "Enhancing Byte-Level Network Intrusion Detection Signatures 
           with Context",
 booktitle = {CCS'03},
 pages     = {262-271},
 publisher = {ACM},
 year = {2003},
}

@InProceedings{kumar06hwrematching,
  author = 	 {S. Kumar and S. Dharmapurikar and F. Yu and 
                  P. Crowley and J. Turner},
  title = 	 {Algorithms to Accelerate Multiple Regular Expressions 
                  Matching for Deep Packet Inspection},
  booktitle = 	 {ACM SIGCOMM Conference},
  year =	 {2006},
	pages = "339-350",
  publisher = "ACM "
}

@inproceedings{meiners:sec10,
	author = "C. Meiners and J. Patel and E. Norige and E. Torng and A. X. Liu",
	title = "Fast Regular Expression Matching using Small {TCAMs} for Network
	Intrusion Detection and Prevention Systems",
	booktitle = "19th USENIX Security Symposium",
	month = "August",
	year = 2010
}

@InProceedings{clark04FPGAPatternMatching,
   author = {C. R. Clark and D. E. Schimmel},
   title = {Scalable Pattern Matching for High-Speed Networks},
   bookTitle = {Symp. on Field-Programmable Custom Computing Machines},
   publisher = {IEEE Computer Society},
   pages = "249--257",
   year = {2004},
}

@inproceedings{nfa-fpga-HFC,
  author = {Hutchings, B. L. and Franklin, R. and Carver, D.},
  title = {Assisting Network Intrusion Detection with Reconfigurable Hardware},
  booktitle = {Symp. on
  Field-Programmable Custom Computing Machines},
  pages     = {111--120},
  publisher = {IEEE Computer Society},
  year = {2002},
}

@InProceedings{sidhu01fast,
  author = 	 {R. Sidhu and V. Prasanna},
  title = 	 {Fast Regular Expression Matching using {FPGA}s},
  booktitle = 	 {Symp. on Field-Programmable Custom Computing Machines},
  pages = {227--238},
  publisher = {IEEE Computer Society},
  year =	 {2001}
}

@inproceedings{Becchi-ANCS07,
 author = {Becchi, Michela and Crowley, Patrick},
 title = {An improved algorithm to accelerate regular expression evaluation},
 booktitle = {Proceedings of the 3rd ACM/IEEE Symposium on Architecture for networking and communications systems},
 series = {ANCS '07},
 year = {2007},
 isbn = {978-1-59593-945-6},
 location = {Orlando, Florida, USA},
 pages = {145--154},
 numpages = {10},
 url = {http://doi.acm.org/10.1145/1323548.1323573},
 doi = {10.1145/1323548.1323573},
 acmid = {1323573},
 publisher = {ACM},
 address = {New York, NY, USA},
 keywords = {DFA, deep packet inspection, regular expressions},
} 

@inproceedings{HybridFA,
 author = {Becchi, Michela and Crowley, Patrick},
 title = {A hybrid finite automaton for practical deep packet inspection},
 booktitle = {Proceedings of the 2007 ACM CoNEXT conference},
 series = {CoNEXT '07},
 year = {2007},
 isbn = {978-1-59593-770-4},
 location = {New York, New York},
 pages = {1:1--1:12},
 articleno = {1},
 numpages = {12},
 url = {http://doi.acm.org/10.1145/1364654.1364656},
 doi = {10.1145/1364654.1364656},
 acmid = {1364656},
 publisher = {ACM},
 address = {New York, NY, USA},
 keywords = {DFA, NFA, deep packet inspection, regular expressions},
} 

@inproceedings{wolf-ancs11,
 author = {Chasaki, Danai and Wolf, Tilman},
 title = {Fast regular expression matching in hardware using NFA-BDD combination},
 booktitle = {Proceedings of the 6th ACM/IEEE Symposium on Architectures for Networking and Communications Systems},
 series = {ANCS '10},
 year = {2010},
 isbn = {978-1-4503-0379-8},
 location = {La Jolla, California},
 pages = {12:1--12:2},
 articleno = {12},
 numpages = {2},
 url = {http://doi.acm.org/10.1145/1872007.1872022},
 doi = {10.1145/1872007.1872022},
 acmid = {1872022},
 publisher = {ACM},
 address = {New York, NY, USA},
} 

@inproceedings{Coudert,
 author = {Coudert, O. and Berthet, C. and Madre, J. C.},
 title = {Verification of synchronous sequential machines based on symbolic execution},
 booktitle = {Proceedings of the international workshop on Automatic verification methods for finite state systems},
 year = {1990},
 isbn = {0-387-52148-8},
 location = {Grenoble, France},
 pages = {365--373},
 numpages = {9},
 url = {http://dl.acm.org/citation.cfm?id=88032.88165},
 acmid = {88165},
 publisher = {Springer-Verlag New York, Inc.},
 address = {New York, NY, USA},
} 

@inproceedings{Touati,
 author={Herve J. Touati and Hamid Savoj and Bill Lin and Robert K. Brayton and Alberto Sangiovanni-Vincentelli},
 title={Implicit state enumeration of finite state machines using BDD's},
 booktitle={IEEE International Conference on Computer-Aided Design},
 year={1990},
 pages={130-133},
 publisher={IEEE},
 address={ Santa Clara, CA}
}
