@inproceedings{beacon:ecoop12,
	author = "R. Karim and M. Dhawan and V. Ganapathy and C. C. Shan",
	title = "An Analysis of the {Mozilla} {Jetpack} Extension Framework",
	booktitle = "Proc. European Conf. Object-Oriented Programming",
	month = "June",
	year = 2012
}

@misc{sdk-proxy,
  author = "Addon SDK",
  title = "Content proxy",
  note =
"\url{
https://addons.mozilla.org/en-US/developers/docs/sdk/latest/packages/api-utils/c
ontent/proxy.html}"
}

@misc{dom_mutation_performance,
  author = "mozilla.dev.platform",
  title = "Performance impact of DOM mutation listeners",
  note =
"\url{
http://groups.google.com/group/mozilla.dev.platform/browse_thread/thread/2f42f1d
75bb906fb}"
}

@misc{opera_extensions,
  title = "Opera extensions",
  author = "dev.opera.com",
  note =
"\url{http://dev.opera.com/articles/view/whats-in-an-opera-extension/}"
}

@misc{safari_extensions,
  title = "Safari Extensions",
  author = "",
  note =
"\url{
http://developer.apple.com/library/safari/#documentation/Tools/Conceptual/Safari
ExtensionGuide/ExtensionsOverview/ExtensionsOverview.html#//apple_ref/doc/uid/TP
40009977-CH15-SW1}"
}

@misc{narcissus,
  title = "Narcissus",
  author = "Mozilla",
  note = "\url{http://mxr.mozilla.org/mozilla/source/js/narcissus/}"
}

@misc{doctorjs,
  title = "{Doctor JS}",
  note = "\url{http://doctorjs.org/}"
}


@misc{nodejs,
  title = "{node.js}",
  note = "\url{http://nodejs.org/}"
}

@misc{rhino,
  title = "Rhino",
  author = "Mozilla",
  note = "\url{https://developer.mozilla.org/en/Rhino}"
}

@misc{spidermonkey,
  title = "SpiderMonkey",
  author = "Mozilla",
  note = "\url{https://developer.mozilla.org/en/SpiderMonkey}"
}

@misc{commentblocker,
  title = "{CommentBlocker}",
  author = "{Mattias Lindholm}",
  note = "\url{https://addons.mozilla.org/en-US/firefox/addon/commentblocker/}"
}

@misc{e10s,
  title = "{Electrolysis/Firefox}",
  author = "{Mozilla Developer Network}",
  note = "\url{https://wiki.mozilla.org/Electrolysis/Firefox}"
}

@misc{greasemonkey,
  author = "{Simon Willison}",
  title = "{Understanding the Greasemonkey vulnerability}",
  note = "\url{http://simonwillison.net/2005/Jul/ 20/vulnerability/}"
}

@misc{jetpack,
  title  = "Jetpack",
  note    = "\url{https://wiki.mozilla.org/Jetpack}",
}

@misc{addonsdk,
  author = "{Mozilla}",
  title = "{Add-on SDK}",
  note = "\url{https://addons.mozilla.org/en-US/developers/docs/sdk/latest/}"
}

@misc{xpcom,
  title = "{XPCOM}",
  author = "{Mozilla Developer Network}",
  note = "\url{developer.mozilla.org/en/XPCOM}"
}

@article{vex:cacm11,
  author = "Sruthi Bandhakavi and Samuel T. King and P. Madhusudan and Marianne
Winslett",
  title = "Vetting Browser Extensions For Security Vulnerabilities with {VEX}",
  journal = "CACM",
	volume = 54,
	number = 9,
	month = Sep,
  year = 2011
}

@book{fca,
  author = {Ganter, Bernhard and Wille, Rudolf},
  publisher = "{Springer}",
  title = "{Formal Concept Analysis: Mathematical Foundations}",
  year = 1999
}

@inproceedings{carlini,
 author = {Carlini, Nicholas and Felt, Adrienne Porter and Wagner, David},
 title = {An Evaluation of the Google Chrome Extension Security Architecture},
 booktitle = {Proceedings of the 21st USENIX Security Symposium},
 year = {2012},
 publisher = {USENIX Association},
}

@inproceedings{ibex,
  title        = {Verified Security for Browser Extensions},
  author       = {Arjun Guha and Matthew Fredrikson and Benjamin Livshits and
Nikhil Swamy},
  year         = 2011,
  month        = may,
  booktitle    = {IEEE Symposium on Security and Privacy},
}

@inproceedings{barth_ndss,
  title = {Protecting Browsers from Extension Vulnerabilities},
  author = {Adam Barth and Adrienne Porter Felt and Prateek Saxena and Aaron
Boodman},
  year = {2010},
  booktitle = {Proceedings of the Network and Distributed System Security
Symposium, NDSS 2010, San Diego, California, USA},
  publisher = {The Internet Society},
}

@inproceedings{sabre,
 author = {Dhawan, Mohan and Ganapathy, Vinod},
 title = {Analyzing Information Flow in JavaScript-Based Browser Extensions},
 booktitle = {Proceedings of the 2009 Annual Computer Security Applications
Conference},
 series = {ACSAC '09},
 year = {2009},
 isbn = {978-0-7695-3919-5},
 pages = {382--391},
 numpages = {10},
 url = {http://dx.doi.org/10.1109/ACSAC.2009.43},
 doi = {10.1109/ACSAC.2009.43},
 acmid = {1723250},
 publisher = {IEEE Computer Society},
 address = {Washington, DC, USA},
 keywords = {JavaScript, Browser Extensions, JSEs, Information Flow,
Vulnerabilities, Web Security},
}

@inproceedings{djeric,
 author = {Djeric, Vladan and Goel, Ashvin},
 title = {Securing script-based extensibility in web browsers},
 booktitle = {Proceedings of the 19th USENIX Security Symposium},
 series = {USENIX Security'10},
 year = {2010},
 isbn = {888-7-6666-5555-4},
 location = {Washington, DC},
 pages = {23--23},
 numpages = {1},
 url = {http://dl.acm.org/citation.cfm?id=1929820.1929851},
 acmid = {1929851},
 publisher = {USENIX Association},
 address = {Berkeley, CA, USA},
}

@inproceedings{cfa2,
 author = {Vardoulakis, Dimitrios and Shivers, Olin},
 title = "{CFA2: a context-free approach to control-flow analysis}",
 booktitle = "{Proceedings of the 19th European conference on Programming
Languages and Systems}",
 series = {ESOP'10},
 year = {2010},
 location = {Paphos, Cyprus},
 pages = {570--589},
 publisher = {Springer-Verlag},
 address = {Berlin, Heidelberg},
}

@inproceedings{chrome:ndss12,
  title = "{Chrome Extensions: Threat Analysis and Countermeasures}",
  author = {Lei Liu and Xinwen Zhang and Guanhua Yan and Songqing Chen},
  year = {2012},
  booktitle = {Proceedings of the Network and Distributed System Security
Symposium, NDSS 2012, San Diego, California, USA},
  publisher = {The Internet Society},
}

@inproceedings{privtrans,
 author = {Brumley, David and Song, Dawn},
 title = {Privtrans: automatically partitioning programs for privilege
separation},
 booktitle = {Proceedings of the 13th USENIX Security Symposium},
 series = {SSYM'04},
 year = {2004},
 location = {San Diego, CA, USA},
}

@inproceedings{privman,
  author = {Kilpatrick, Douglas},
  booktitle = {USENIX Annual Technical Conference, FREENIX Track},
  pages = {273-284},
  publisher = {USENIX},
  timestamp = {2003-09-03T00:00:00.000+0200},
  title = "{Privman: A Library for Partitioning Applications}",
  year = 2003
}

@article{swift,
 author = {Chong, Stephen and Liu, Jed and Myers, Andrew C. and Qi, Xin and
Vikram, K. and Zheng, Lantian and Zheng, Xin},
 title = {Secure web applications via automatic partitioning},
 journal = {SIGOPS Oper. Syst. Rev.},
 issue_date = {December 2007},
 volume = {41},
 number = {6},
 month = oct,
 year = {2007},
 issn = {0163-5980},
 pages = {31--44},
 numpages = {14},
 url = {http://doi.acm.org/10.1145/1323293.1294265},
 doi = {10.1145/1323293.1294265},
 acmid = {1294265},
 publisher = {ACM},
 address = {New York, NY, USA},
 keywords = {compilers, information flow, security policies},
}

@inproceedings{gatekeeper,
 author = {Guarnieri, Salvatore and Livshits, Benjamin},
 title = {GATEKEEPER: mostly static enforcement of security and reliability
policies for javascript code},
 booktitle = {Proceedings of the 18th USENIX security symposium},
 series = {SSYM'09},
 year = {2009},
 location = {Montreal, Canada},
 pages = {151--168},
 numpages = {18}
}

@article{jif,
 author = {Zdancewic, Steve and Zheng, Lantian and Nystrom, Nathaniel and Myers,
Andrew C.},
 title = {Secure program partitioning},
 journal = {ACM Trans. Comput. Syst.},
 issue_date = {August 2002},
 volume = {20},
 number = {3},
 month = aug,
 year = {2002},
 issn = {0734-2071},
 pages = {283--328},
 numpages = {46},
 url = {http://doi.acm.org/10.1145/566340.566343},
 doi = {10.1145/566340.566343},
 acmid = {566343},
 publisher = {ACM},
 address = {New York, NY, USA},
 keywords = {Confidentiality, declassification, distributed systems,
downgrading, integrity, mutual distrust, secrecy, security policies, type
systems},
}

@inproceedings{chugh_pldi,
 author = {Chugh, Ravi and Meister, Jeffrey A. and Jhala, Ranjit and Lerner,
Sorin},
 title = {Staged information flow for javascript},
 booktitle = {Proceedings of the 2009 ACM SIGPLAN conference on Programming
language design and implementation},
 series = {PLDI '09},
 year = {2009},
 isbn = {978-1-60558-392-1},
 location = {Dublin, Ireland},
 pages = {50--62},
 numpages = {13},
 url = {http://doi.acm.org/10.1145/1542476.1542483},
 doi = {10.1145/1542476.1542483},
 acmid = {1542483},
 publisher = {ACM},
 address = {New York, NY, USA},
 keywords = {confidentiality, flow analysis, integrity, set constraints, web
applications},
}

@inproceedings{myers:2003,
 author = {Zheng, Lantian and Chong, Stephen and Myers, Andrew C. and Zdancewic,
Steve},
 title = "{Using Replication and Partitioning to Build Secure Distributed
Systems}",
 booktitle = {Proceedings of the 2003 IEEE Symposium on Security and Privacy},
 series = {SP '03},
 year = {2003},
 isbn = {0-7695-1940-7},
 pages = {236--},
 url = {http://dl.acm.org/citation.cfm?id=829515.830549},
 acmid = {830549},
 publisher = {IEEE Computer Society},
 address = {Washington, DC, USA},
}

@inproceedings{jflow,
 author = {Myers, Andrew C.},
 title = {JFlow: practical mostly-static information flow control},
 booktitle = {Proceedings of the 26th ACM SIGPLAN-SIGACT symposium on Principles
of programming languages},
 series = {POPL '99},
 year = {1999},
 isbn = {1-58113-095-3},
 location = {San Antonio, Texas, United States},
 pages = {228--241},
 numpages = {14},
 url = {http://doi.acm.org/10.1145/292540.292561},
 doi = {10.1145/292540.292561},
 acmid = {292561},
 publisher = {ACM},
 address = {New York, NY, USA},
}

@inproceedings{guha,
 author = {Guha, Arjun and Krishnamurthi, Shriram and Jim, Trevor},
 title = {Using static analysis for Ajax intrusion detection},
 booktitle = {Proceedings of the 18th international conference on World wide
web},
 series = {WWW '09},
 year = {2009},
 location = {Madrid, Spain},
 pages = {561--570},
 numpages = {10},
}

@inproceedings{provos,
 author = {Provos, Niels and Friedl, Markus and Honeyman, Peter},
 title = {Preventing privilege escalation},
 booktitle = {Proceedings of the 12th USENIX Security Symposium},
 series = {SSYM'03},
 year = {2003},
 location = {Washington, DC},
}
