@misc{speedmatters,
	author = "Speed-Matters",
	title = "A report on Internet Speeds in all 50 States",
	note = "\url{http://www.speedmatters.org/document-library/sourcematerials/sm_report.pdf}"
}

@book{barbasi,
	author = "A-L. Barbasi",
	title = "Linked: The New Science of Networks",
	publisher = "Persius publishing",
	year = 2002
}

@inproceedings{antisocial,
	title = "Antisocial Networks: Turning a social network into a botnet",
	author = "E. Athanasopolous and A. Makridakis and S. Antonatos and D.
	Antoinades and S. Ioannidis and K. G. Anagnostakis and E. P. Markatos",
	booktitle = "Information Security Conference",
	month = Sep,
	year =2008
}

@inproceedings{email,
	title = "Evaluating Email's Feasibility for Botnet command and control",
	author = "Kapil Singh and Abhinav Srivastava and Jonathon Giffin and Wenke
	Lee",
	booktitle = "International Conference on Dependable Systems and Networks",
	month = "June",
	year = 2008
}

@misc{phatbot,
	title ="Phatbot trojan analysis",
	note=  "\url{http://www.lurhq.com/phatbot.html}"
}

@misc{sinit,
	title = "Sinit P2P trojan analysis",
	note = "\url{http://www.lurhq/sinit.html}"
}

@inproceedings{storm,
	title = "Measurements and Mitigation of Peer-to-Peer Botnets: A case study on
	the {Storm} Worm",
	author = "Thorsten Holz and Moritz Steiner and Frederic Dahl and Ernst
	Biersack and Felix Freiling",
	booktitle = "Workshop on Large Scale Exploits and Emergent Threats",	
	month = "April",
	year =2008
}

@inproceedings{army,
	title = "Army of Botnets",
	author = "Ryan Vogt and John Aycock and Michael J. Jacobson Jr.",
	booktitle = "Networked and Distributed System Security Symposium",
	month = "February",
	year = 2008
}

@article{barford,
	title = "An inside look at botnets",
	author = "Paul Barford and Vinod Yegneswaran",
	booktitle = "Advances in Information Security",
	year = 2006
}


@inproceedings{cooke,
	author = "E. Cooke and F. Jahanian and D. McPherson",
	title = "The Zombie Roundup: Understanding Detecting and Disrupting Botnets",
	booktitle = "Workshops on Steps to Reducing Unwanted Traffic on the
	Internet",
	month = "June",
	year = 2005
}

@inproceedings{dagon,
	author = "D. Dagon and C. Zou and W. Lee",
	title = "Modeling Botnet Propagation using Time Zones",
	booktitle = "Networked and Distributed System Security Symposium",
	month = "February",
	year = 2006
}

@inproceedings{botsurvey,
	author = "D. Dagon and G. Gu and C. Lee and W. Lee",
	title = "A Taxonomy of Botnet Structures",
	booktitle = "Annual Computer Security Applications Conference",
	month = "December",
	year = 2007
}

@inproceedings{bothunter,
	author = "G. Gu and P. Porras and V. Yegneswaran and M. Fong and W. Lee",
	title = "BotHunter: Detecting Mwlare Infection through IDS-Driven Dialog
	Correlation",
	booktitle = "USENIX Security Symposium",
	month = "August",
	year = 2007
}

@inproceedings{botminer,
	author = "G. Gu and R. Perdisci and J. Zhang and W. Lee",
	title = "BotMiner: Clustering Analysis of Network Traffic for Protocol and
	Structure Independent Botnet Detection",
	booktitle = "USENIX Security Symposium",
	month = "August",
	year = 2008
}

@inproceedings{haining,
	author = "S. Gianvecchio and M. Xie and Z. Wu and H. Wang",
	title = "Measurement and Classification of Humans and Bots in Internet Chat",
	booktitle = "USENIX Security Symposium",
	month = "August",
	year = 2008
}

@inproceedings{racic,
	author = "Radmilo Racic and Denys Ma and Hao Chen",
	title = "Exploiting {MMS} Vulnerabilities to Stealthily Exhaust Mobile
	Phone's Battery",
	booktitle = "International Conference on Security and Privacy in
	Communication Networks",
	month = "August",
	year = 2006
}

@inproceedings{guo,
	author = "C. Guo and H. J. Wang and W. Zhu",
	title = "Smart phone attacks and defenses",
	booktitle = "Workshop on Hot topics in Networking",
	year = 2004,
	month = "Nov"
}

@inproceedings{agarwal,
	author = "N. Agarwal and L. Chandran-Wadia and V. Apte",
	title = "Capacity analysis of the GSM short message service",
	booktitle = "National Conference on Communications",
	year = 2004
}

@article{alexa,
	author= "Alexa.com",
	title= "MySpace History Graph",
  	note= "http://www.alexa.com/data/details/traffic\_details/myspace.com"
}

@article{danah,
	author= "D. Boyd",
 	title= "Friends, Friendsters, and MySpace Top 8: Writing Community Into Being on Social Network Sites",
	journal= "First Monday 11(12)"
}

@misc{flickrfaq,
	key= "Flickr",
	title= "Flickr Frequently Asked Questions",
	note= "http://www.flickr.com/help/faq/"
}

@article{layouts,
	author= "P. Cashmore",
	title= "MySpace Layouts Top 10",
	journal= "Mashable",
 	year= "July 28, 2006"
}

@article{yahooflickr,
	author= "R. van Zwol",
	title= "Flickr: Who is Looking?",
	note= "http://www.semedia.org/PubFolder/vanZwol-FlickrWhoLooking.pdf",
	journal= "Yahoo Research"
}

@article{yahooligan,
	author= "E. Chien",
	title= "Malicious Yahooligans",
	journal= "Virus Bulletin",
	year= "2006"
}

@misc{samyexplain,
	author= "S. Kamkar",
	title= "Technical Explanation of The MySpace Worm",
	year= "2005"
}

@misc{nytarticle,
	author= "S. Kamkar",
	title= "Technical Explanation of The MySpace Worm",
	year= "2005"
}

@article{bb,
	author= "E. Levy and I. Arce",
	title= "New Threats and Attacks on the World Wide Web",
	journal= "IEEE Security \& Privacy",
	year= "2006"
}

@article{kk,
	author= "P. Ritchie",
	title= "The Security Risks of AJAX/Web 2.0 Applications",
	journal= "Network Security",
	year= "2007"
}

@article{taxonomy,
	author= "J. Mirkovic and P. Reiher",
	title= "A Taxonomy of DDoS Attack and DDoS Defense Mechanisms",
	journal= "ACM SIGCOMM Computer Communications Review",
	volume = 3,
	number = 2,
	month = "April",
	year= "2004"
}

@inproceedings{killbots,
	author= "S. Kandula and D. Katabi and M. Jacob and A. Berger",
	title= "Botz.4.Sale: Surviving Organized DDoS Attacks That Mimic Flash Crowds",
	booktitle = "Symposium on Networked System Design and Implementation",
	month = "April",
	year= "2004"
}

@inproceedings{Puppetnets,
	author= "V. Lam and S. Antonatos and P. Akritidis and K. Anagnostakis",
	title= "PuppetNets: Misusing Web Browsers as a Distributed Attack Infrastructure",
	booktitle = "ACM Conference on Computer and Communications Security",
	month = "October",
	year = "2006"
}

@inproceedings{jaeyeon,
	author= "J. Jung and B. Krishnamurty and M. Rabinovich",
	title= "Flash Crowds and Denial of Service Attacks: Characterization and Implications for CDNs and Web Sites",
  booktitle = "International Conference on the World Wide Web",
	month = "May",
	year= "2002"
}

@inproceedings{defensebyoffense,
	author= "M. Walfish and M. Vutukuru and H. Balakrishnan and D. Karger and S. Shenker",
	title= "DDoS Defense by Offense.",
	booktitle = "ACM SIGCOMM",
	month = "August",
	year= "2006"
}

@article{sfocus,
	author= "K. Poulsen",
	title= "FBI busts alleged DDoS Mafia",
	journal= "Security Focus",
	year= "2004"
}

@article{newyorker,
	author= "E. Ratliff",
	title= "The Zombie Hunters",
	journal= "The New Yorker",
	year= "2005"
}

@article{dossurvey,
	author= "T. Peng and C. Leckie and K. Ramamohanarao",
	title= "Survey of network-based defense mechanisms countering the DoS and DDos problems",
	journal= "ACM Computing Surveys",
	volume = 39,
	number = 1,
	month = "April",
	year = "2007"
}
