@book{amo93,
  author = "R. K. Ahuja and T. L. Magnanti and J. B. Orlin",
  title = "Network Flows: Theory, Algorithms, and Applications",
  month = "February",
  publisher = "Prentice Hall",
  year = 1993
}

@inproceedings{bdf+03,
  author = "P. Barham and B. Dragovic and K. Fraser and S. Hand and T. Harris
  and A. Ho and R. Neugenbauer and I. Pratt and A. Warfield",
  title = "Xen and the art of virtualization",
  booktitle = "19th ACM SOSP",
  year = 2003
}

@article{bal+90,
  author = "B. N. Bershad and T. E. Anderson and E. D. Lazowska and H. M.
  Levy",
  title = "Lightweight Remote Procedure Call",
  journal = "ACM TOCS",
  volume = "8",
  number = "1",
  month = feb,
  year = 1990
}

@inproceedings{b05,
  author = "D. Blythe",
  title = "Windows Graphics Overview",
  booktitle = "Windows Hardware Engr. Conf.",
  year = 2005
}

@inproceedings{bs04,
  author = "D. Brumley and D. Song",
  title = "PrivTrans: {Automatically} Partitioning Programs for Privilege
  Separation",
  booktitle = "13th USENIX Security Symp.",
  year = 2004
}

@inproceedings{c04,
  author = "P. Chubb",
  title = "Get more device drivers out of the kernel!",
  booktitle = "Ottawa Linux Symp.",
  year = 2004
}

@inproceedings{cyc+01,
  author = "A. Chou and J. Yang and B. Chelf and S. Hallem and D. Engler",
  title = "An Empirical Study of Operating System Errors",
  booktitle = "18th ACM SOSP",
  year = 2001
}

@misc{e03,
  author = "J. Elson",
  title = "{FUSD}: {A} {Linux} Framework for User-Space Devices",
  year = 2004, 
  note = "User manual for FUSD 1.0"
}

@inproceedings{eko95,
  author = "D. R. Engler and M. F. Kaashoek and J. O'Toole",
  title = "{Exokernel}: {An} Operating System Architecture for 
  Application-Level Resource Management",
  booktitle = "15th ACM SOSP",
  year = "1995"
}

@inproceedings{fhn+04,
  author = "K. Fraser and S. Hand and R. Neugebauer and I. Pratt and A.
  Warfield and M. Williamson",                                                    
  title = "Safe Hardware Access with the {Xen} Virtual Machine Monitor",                          
  booktitle = "Workshop on Operating System and Architectural Support
  for the On-Demand {IT} Infrastructure",
  year = 2004                                                                                      
}

@inproceedings{fgb91,
  author = "A. Forin and D. Golub and B. Bershad",
  title = "An {I/O} System for {Mach}",
  booktitle = "Usenix Mach Symp.",
  year = 1991
}

@inproceedings{ffa99,
  author = "J. S. Foster and M. Fahndrich and A. Aiken",
  title = "A theory of type qualifiers",
  booktitle = "ACM SIGPLAN PLDI",
  year = 1999
}

@inproceedings{gbs+07,
  author = "V. Ganapathy and A. Balakrishnan and M. M. Swift and S. Jha",
  title = "Microdrivers: {A} New Architecture for Device Drivers",
  booktitle = "11th HotOS",
  year = 2007
}

@inproceedings{hs99,
  author = "G. C. Hunt and M. L. Scott",
  title = "The {Coign} Automatic Distributed Partitioning System",
  booktitle = "4th OSDI",
  year = 1999
}

@Article{murphy04a,
  author = "B. Murphy and M. R. Garzia", 
  title = "Software Reliability Engineering for Mass Market Products",
  journal = "The DoD Software Tech News",
  volume = "8",
  number = "1",
  year = "2004",
}     


@misc{orgovan03, 
  author = "V. Orgovan and M. Tricker",
  title = "An Introduction to Driver Quality",
  howpublished = "Microsoft WinHec 2004 Presentation DDT301", 
  year = "2003"                                                                                   }

@book{sg99,
  author = "A. Silberschatz and P. B. Galvin",
  title = "Operating System Concepts",
  edition = "Fifth",
  publisher = "Addison Wesley",
  year = 1999
}

@inproceedings{l04,
  author = "B. Langley",
  title = "Windows ``{Longhorn}'' Display Driver Model---Details and
  Requirements",
  booktitle = "Windows Hardware Engr. Conf.",
  year = 2004
}

@article{lcf+05,
  author = "B. Leslie and P. Chubb and N. Fitzroy-Dale and S. Gotz and C. Gray
  and L. Macpherson and D. Potts and Y. Shen and K. Elphinstone and G. Heiser",
  title = "User-level device drivers: {Achieved} Performance",
  journal = "Jour. Comp. Sci. and Tech.",
  volume = "20",
  number = "5",
  month = sep,
  year = 2005
}

@inproceedings{lus+04,
  author = "J. LeVasseur and V. Uhlig and J. Stoess and S. Gotz",
  title = "Unmodified Device Driver Reuse and Improved System Dependability via
  Virtual Machines",
  booktitle = "6th OSDI",
  year = 2004
}

@inproceedings{l95,
  author = "J. Liedtke",
  title = "On $\mu$-kernel construction",
  booktitle = "15th ACM SOSP",
  year = 1995
}

@misc{msudf,
  author = "Microsoft",
  title = "Architecture of the User-Mode Driver Framework",
  note = "Version 0.7",
  month = "May",
  year = 2006
}

@inproceedings{nmr+02,
  author = "G. C. Necula and S. Mcpeak and S. P. Rahul and W. Weimer",
  title = "{CIL:} {Intermediate} language and tools for analysis and
  transformation of {C} programs",
  booktitle = "11th Intl. Conf. on Compiler Constr.",
  year = 2002
}

@inproceedings{smb+04,
  author = "M. M. Swift and M. Annamalai and B. N. Bershad and H. M. Levy",
  title = "Recovering Device Drivers",
  booktitle = "6th OSDI",
  year = 2004
}

@article{sbl05,
  author = "M. M. Swift and B. N. Bershad and H. M. Levy",
  title = "Improving the Reliability of Commodity Operating Systems",
  journal = "ACM TOCS",
  volume = "23",
  number = "1",
  month = Feb,
  year = 2005
}

@misc{t07,
  author = "L. Torvalds",
  title = "Linux patch for user-mode {I/O}",
  month = "July",
  year = 2007
}

@inproceedings{wlg93,
  author = "R. Wahbe and S. Lucco and T. E. Anderson and S. L. Graham",
  title = "Efficient Software-based Fault Isolation",
  booktitle = "14th ACM SOSP",
  year = 1993
}

@mastersthesis{vanmaren99,
  author = "K. T. {Van Maren}",
  title = "The {Fluke} Device Driver Framework",
  school = "Dept. of Computer Science, Univ. of Utah",
  month = "December",
  year = 1999
}  

@inproceedings{yab+86,
  author = "M. Young and M. Accetta and R. Baron and W. Bolosky and D. Golub
  and R. Rashid and A. Tevanian",
  title = "{Mach}: {A} new kernel foundation for {UNIX} development",
  booktitle = "Summer USENIX Conference",
  year = 1986
}

@article{zzn+02,
  author = "S. Zdancewic and L. Zheng and N. Nystrom and A. C. Myers",
  title = "Secure Program Partitioning",
  journal = "ACM TOCS",
  volume = "20",
  number = "3",
  month = aug,
  year = 2002
}

@inproceedings{zca+06,
  author = "F. Zhou and J. Condit and Z. Anderson and I. Bagrak and R. Ennals
  and M. Harren and G. Necula and E. Brewer",
  title = "{SafeDrive}: {Safe} and Recoverable Extensions using Language-based
  Techniques",
  booktitle = "7th OSDI",
  year = 2006
}
  

@TechReport { windriver,
  author =  "Jungo",
  title =   "WinDriver Cross Platform Device Driver Development Environment",
  Institution =  "Jungo Corporation",
  note =  "\url{http://www.jungo.com/windriver.html}",
  year =  "2002",
  month =  feb
}

@TechReport{erw05,
  author = "{\'{U}}lfar Erlingsson and Tom Roeder and Ted Wobber",
  title = "Virtual Environments for Unreliable Extensions",
  number = "MSR-TR-05-82",
  institution = "Microsoft Research",
  month = jun,
  year = "2005"
}


@misc{macos-iokit,
  author = "{Apple Inc.}",
  title = "Introduction to {I/O} Kit Fundamentals",
  year = 2006
}


@misc{mswdf,
  author = "{Microsoft Corp.}",
  title = "WDM: Introduction to Windows Driver Model",
  howpublished = "\url{http://www.microsoft.com/whdc/archive/wdm.mspx}"
}

@Book{solomon98,
  author =    "David A. Solomon",
  title =    "Inside {Windows NT}",
  publisher =    "Microsoft Press",
  year =    "1998",
  isbn =         "1-57231-677-2"
}


@InProceedings{bbc+06,
  author = "Thomas Ball and Ella Bounimova and Byron Cook and Vladimir
                  Levin and Jakob Lichtenberg and Con McGarvey and
                  Bohus Ondrusek and Sriram K. Rajamani and Abdullah
                  Ustuner",
  title = "Thorough Static Analysis of Device Drivers",
  booktitle = "1st EuroSys Conference",
  year = 2006
}
  
@misc{microsoft:xp-oca:2003,
  author = "{Microsoft Corporation}",
  title = "Windows {XP} Embedded with Service Pack 1 Reliability",
  howpublished = "\url{http://msdn2.microsoft.com/en-us/library/ms838661.aspx}",
  year = "2003",
  month = jan
}

@inproceedings{wra05,
  author = "E. Witchel and J. Rhee and K. Asanovic",
  title = "Mondrix: {Memory} Isolation for {Linux} using {Mondriaan} Memory
  Protection",
  booktitle = "20th ACM SOSP",
  year = 2005
}

@inproceedings{pws+03,
  author = "A. Purohit and C. P. Wright and J. Spadavecchia and E. Zadok",
  title = "{Cosy}: {Develop} in User-Land, Run in Kernel-Mode",
  booktitle = "9th HotOS",
  year = 2003
}

@InProceedings{armand91,
  author = "Francois Armand",
  title =  "Give a Process to your Drivers!",
  booktitle = "EurOpen Autumn 1991",  
  year = "1991",
  month = sep
}

@misc{msidl,
  author = "{Microsoft Inc.}",
  title = "Microsoft Interface Definition Language",
}

@misc{sunidl,
  author = "{Sun Microsystems}",
  title = "Java IDL",
  howpublished = "\url{http://java.sun.com/products/jdk/idl}"
}

@inproceedings{ns07,
  author = "N. Nethercode and J. Seward",
  title = "{Valgrind}: {A} Framework for Heavyweight Dynamic Binary
  Instrumentation",
  booktitle = "ACM SIGPLAN PLDI",
  year = 2007
}

@misc{netperf,
	author = "Information Networks Division",
	title = "Netperf: {A} network performance benchmark",
	howpublished = "\url{http://www.netperf.org}"
}

@InProceedings{conway:ndl:lctes:2004,                                                             
 author = "Christopher L. Conway and Stephen A. Edwards",                                         
 title = "{NDL}: a domain-specific language for device drivers",                                  
 booktitle = "LCTES",
 year = "2004"
}                                                                                                 
                                                                                                  
@misc{manolitzas:nic-dsl:2001,                                                                    
  author = "Apostolos Manolitzas",                                                                
  title = "A Specific Domain Language for Network Interface Cards",                               
  year = "2001"                                                                                   
}     

@InProceedings{ merillon00,                                                                       
  author =    "Fabrice M{\'{e}}rillon and Laurent R{\'{e}}veill{\`{e}}re and                      
Charles Consel and Renaud Marlet and Gilles Muller",                                              
  title =     "Devil: An {IDL} for Hardware Programming",                                         
  booktitle =    "4th OSDI",                                                                 
  year =     "2000",                                                                              
}                                                                                                 
                                                                                                  
@InProceedings{voneicken95,                                                                       
  author =     "Thorsten von Eicken and Anindya Basu and Vineet Buch                              
         and Werner Vogels",                                                                      
  title =     "{U-Net}: A User-Level Network Interface for Parallel                               
         and Distributed Computing",                                                              
  booktitle =     "15th ACM SOSP", 
  year =     "1995",                                                                              
}           

                                                                                                  
@inproceedings{lepreau:mach-in-kernel:mach3:1993,                                                 
 author = "Jay Lepreau and Mike Hibler and Bryan Ford and Jeffrey Law and                         
Douglas B. Orr",                                                                                  
 title = "In-Kernel Servers on {Mach} 3.0: Implementation and Performance",                       
 booktitle = "USENIX MACH III Symposium",                                                   
 year = "1993",                                                                                   
 }                                                                                                
                                                                                                  
@inproceedings{rozier:chorus:usenix-uk:1992,                                                      
  author = "M. Rozier \etal",
  title = "Overview of the {Chorus} Distributed Operating System",                                
  booktitle = "1st Usenix Symposium on Microkernels and Other                               
                  Kernel Architectures",                                                          
  year = "1992",                                                                                  
}                           

@Book{russinovich00,                                                                              
  author = "Mark E. Russionvich and David A. Solomon",                                            
  title = "Inside {Windows 2000}",                                                                
  publisher = "Microsoft Press",                                                                  
  address = "Redmond, Washington",                                                                
  year = "2000"                                                                                   
}    
