%
% Shilling / fraud detection
%

@InProceedings{ kauffmanwood-reserveshilling2003,
  author =       {Robert J. Kauffman and Charles A. Wood},
  title =        {Running up the bid: detecting, predicting, and preventing reserve price shilling in online auctions},
  booktitle =    {Proceedings of the 5th International Conference on Electronic Commerce (ICEC'03)},
  pages =        {259--265},
  year =         2003,
  address =      {Pittsburgh, PA, USA},
  month =        oct,
  publisher =    {ACM Press}
}

@Article{ sinhagreenleaf-covertshilling2000,
  author =       {Atanu R. Sinha and Eric A. Greenleaf},
  title =        {The Impact of Discrete Bidding and Bidder Aggressiveness on Sellers' Strategies in Open English Auctions: Reserves and Covert Shilling},
  journal =      {Marketing Science},
  year =         2000,
  volume =       19,
  number =       3,
  pages =        {244--265},
  month =        {Summer}
}

@Article{ snyder-fraudstop2000,
  author =       {James M. Snyder},
  title =        {Online auction fraud: are the auction houses doing all they should or could to stop online fraud?},
  journal =      {Federal Communications Law Journal},
  year =         2000,
  volume =       52,
  number =       2,
  pages =        {453--472},
  month =        mar
}

@Unpublished{ hidvegiwangwhinston-englishshill,
  author =       {Zolt\'an Hidv\'egi and Wenli Wang and Andrew B. Whinston},
  title =        {Sequential English Auctions with Shill Bidding},
  note =         {Working paper, Emory University, Atlanta, GA, USA}
}

@Unpublished{ hidvegiwangwhinston-spf,
  author =       {Zolt\'an Hidv\'egi and Wenli Wang and Andrew B. Whinston},
  title =        {Shill-Proof Fee ({SPF}) Schedule: the Sunscreen against Seller Self-Collusion in Online English Auctions},
  note =         {Working paper, Emory University, Atlanta, GA, USA}
}

@InProceedings{ shahjoshisurekawurman-miningebay,
  author =       {Harshit S. Shah and Neeraj R. Joshi and Ashish Sureka and Peter R. Wurman},
  title =        {Mining {eBay}: Bidding Strategies and Shill Detection},
  booktitle =    {Proceedings of the 4th International Workshop on Mining Web Data for Discovering Usage Patterns and Profiles (WEBKDD'02)},
  pages =        {17--34},
  year =         2002,
  editor =       {Osmar R. Za\"iane and Jaideep Srivastava and Myra Spiliopoulou and Brij M. Masand},
  volume =       2703,
  series =       {Lecture Notes in Computer Science},
  address =      {Edmonton, Canada},
  month =        july,
  publisher =    {Springer Link}
}

%
% Reputation systems.
%

@InCollection{ resnickzeckhauser-ebayreputation2002,
  author =       {Paul Resnick and Richard Zeckhauser},
  title =        {Trust Among Strangers in {Internet} Transactions: Empirical Analysis of {eBay}'s Reputation System},
  booktitle =    {The Economics of the {Internet} and E-Commerce},
  publisher =    {Elsevier Science},
  year =         2002,
  editor =       {Michael R. Baye},
  volume =       11,
  series =       {Advances in Applied Microeconomics},
  address =      {Amsterdam, Netherlands}
}

@Article{ brinkmannseifert-auctiontrust2001,
  author =       {Ulrich Brinkmann and Matthias Seifert},
  title =        {{'Face to Interface'}: {Zum} {Problem} der {Vertrauenskonstitution} im {Internet} am {Beispiel} von elektronischen {Auktionen}},
  journal =      {Zeitschrift f\"ur Soziologie},
  year =         2001,
  volume =       30,
  number =       1,
  pages =        {23--47},
  month =        feb
}

@Article{ dellarocas-wordofmouth2003,
  author =       {Chrysanthos Dellarocas},
  title =        {The Digitization of Word-of-Mouth: Promise and Challenges of Online Feedback Mechanisms},
  journal =      {Management Science},
  year =         2003,
  volume =       49,
  number =       10,
  pages =        {1407--1424},
  month =        oct
}

@Unpublished{ dellarocas-onlinereputation,
  author =       {Chrysanthos Dellarocas and Ming Fan and Charles A. Wood},
  title =        {Self-Interest, Reciprocity, and Participation in Online Reputation Systems},
  note =         {Working paper, MIT Sloan School of Management, Cambridge, MA, USA}
}

@Article{ houserwooders-ebayreputation2004,
  author =       {Daniel Houser and John Wooders},
  title =        {Reputation in auctions: Theory, and evidence from {eBay}},
  journal =      {Journal of Economics and Management Strategy},
  year =         2004
}

@Article{ livingston-howvaluable2005,
  author =       {Jeffrey Alan Livingston},
  title =        {How Valuable is a Good Reputation? A Sample Selection Model of Internet Auctions},
  journal =      {Review of Economics and Statistics},
  year =         2005
}

@Article{ melnikalm-reputationmatters2002,
  author =       {Mikhail Ion Melnik and James Alm},
  title =        {Does a Seller's Ecommerce Reputation Matter? Evidence from {eBay} Auctions},
  journal =      {Journal of Industrial Economics},
  year =         2002,
  volume =       50,
  number =       3,
  pages =        {337--349}
}

@Unpublished{ resnickzeckhauserswansonlockwood-reputationexperiment2004,
  author =       {Paul Resnick and Richard Zeckhauser and John Swanson and Kate Lockwood},
  title =        {The Value of Reputation on {eBay}: A Controlled Experiment},
  note =         {Working paper, available at \url{http://www.si.umich.edu/~presnick/papers/postcards/}, University of Michigan, Ann Arbor, MI, USA}
}

@Article{ standifird01-asymmetricalreputation2001,
  author =       {S. S. Standifird},
  title =        {Reputation and e-commerce: {eBay} Auctions and the Asymmetrical Impact of Positive and Negative Ratings},
  journal =      {Journal of Management},
  year =         2001,
  volume =       27,
  number =       3,
  pages =        {279--296},
  month =        {May/June}
}

@Unpublished{ yamagishi-roleofreputation,
  author =       {Toshio Yamagishi},
  title =        {The Role of Reputation In Open and Closed Societies: An Experimental Study of Internet Auctioning},
  note =         {Working paper, Hokkaido University, Japan}
}

%
% News articles, etc.
%

%
% General machine learning
%

@Book{dudahardstork-patternclassif2000,
  author =       {Richard O. Duda and Peter E. Hart and David G. Stork},
  title =        {Pattern Classification},
  publisher =    {John Wiley and Sons, Inc.},
  year =         2000,
  edition =      2,
  address =      {New York, NY, USA}
}
