@INPROCEEDINGS{AlurJist04,
	AUTHOR = "R. Alur and P. Cerny and P. Madhusudan and W. Nam",
	TITLE = "Synthesis of Interface Specifications for {J}ava Classes",
	BOOKTITLE = "",
	NOTE = "In Submission. \url{http://www.cis.upenn.edu/jist}"
}

@INPROCEEDINGS{AmmonsMiningPOPL02,
  AUTHOR = "G. Ammons and R. Bodik and J. Larus",
  TITLE = "Mining Specifications",
  BOOKTITLE = "Proc. 29$^{th}$ POPL",
	PUBLISHER = "ACM",
	PAGES = "4--16", 
  YEAR = 2002
}
  
@INPROCEEDINGS{BallSLAMPOPL02,
  AUTHOR = "T. Ball and S. K. Rajamani",
  TITLE = "The {SLAM} Project: Debugging System Software via Static Analysis",
  BOOKTITLE = "Proc. 29$^{th}$ POPL",
	PUBLISHER = "ACM",
	PAGES = "1--3",
  YEAR = 2002
} 

@INPROCEEDINGS{BeyerBlastICSE04,
  AUTHOR = "D. Beyer and A. J. Chipala and T. A. Henzinger and R. Jhala and R.
  Majumdar",
  TITLE = "Generating Tests from Counterexamples",
  BOOKTITLE = "Proc. 26$^{th}$ ICSE",
	PAGES = "326--335",
	PUBLISHER = "IEEE",
  YEAR = 2004,
}

@INPROCEEDINGS{BiereSymbolicTACAS99,
  AUTHOR = "A. Biere and A. Cimatti and E. M. Clarke and Y. Zhu",
  TITLE = "Symbolic Model Checking without {BDD}s",
  BOOKTITLE = "Proc. 5$^{th}$ TACAS",
	SERIES = "LNCS 1579",
	PUBLISHER = "Springer",
	PAGES = "193--207",
  YEAR = 1999
}

@INPROCEEDINGS{BoyapatiISSTA02,
	AUTHOR = "C. Boyapati and S. Khurshid and D. Marinov",
	TITLE = "Korat: automated testing based on {J}ava predicates",
	BOOKTITLE = "Proc. ISSTA",
	PAGES = "123--133",
	PUBLISHER = "ACM",
	YEAR = 2002
}
@INPROCEEDINGS{BryantModelingCAV02,
  AUTHOR = "R. E. Bryant and S. K. Lahiri and S. A. Seshia",
  TITLE = "Modeling and Verifying Systems using a Logic of Counter Arithmetic
  with Lambda Expressions and Uninterpreted Functions",
  BOOKTITLE = "Proc. 14$^{th}$ CAV",
  SERIES = "LNCS 2404",
	PUBLISHER = "Springer",
	PAGES = "78--92",
  YEAR = 2002,
}

@Article{BultanModelCheckingTOPLAS99,
  author = 	 "Tevfik Bultan and Richard Gerber and William Pugh",
  title = 	 "Model-Checking Concurrent Systems with Unbounded Integer Variables: Symbolic Representations, Approximations, and Experimental Results",
  journal = 	 "ACM Trans. on Prog. Lang. and Systems",
  volume = 	 {21},
  number = 	 {4},
  pages = 	 {747--789},
  year = 	 "1999",
}

@INPROCEEDINGS{ChenMOPSCCS02,
  AUTHOR = "H. Chen and D. Wagner",
  TITLE = "{MOPS}: {A}n Infrastructure for Examining Security Properties of
  Software",
  BOOKTITLE = "Proc. 9$^{th}$ CCS",
	PUBLISHER = "ACM",
	PAGES = "235--244",
  YEAR = 2002
}


@INPROCEEDINGS{CorbettICSE00,
	AUTHOR = "J. C. Corbett and M. B. Dwyer and J. Hatcliff and S. Laubach and 
	C. S. Pasareanu and Robby and H. Zheng",
	TITLE = "Bandera: {E}xtracting finite-state models from {J}ava source code",
	BOOKTITLE = "Proc. ICSE",
	PAGES = "439--448",
	PUBLISHER = "IEEE",
	YEAR = 2000
}


@INPROCEEDINGS{CowanSec01,
  AUTHOR = "C. Cowan and M. Barringer and S. Beattie and G. Kroah-Hartman and 
  M. Frantzen and J. Lokier",
  TITLE = "{FormatGuard}: {Automatic} Protection From {\tt printf} Format-String
	Vulnerabilities",
  BOOKTITLE = "Proc. 10$^{th}$ Security Symp.",
	PUBLISHER = "USENIX",
  YEAR = 2001
}

@INPROCEEDINGS{DelineEnforcingPLDI01,
  AUTHOR = "R. DeLine and M. F{\"{a}}hndrich",
  TITLE = "Enforcing high-level protocols in low-level software",
  BOOKTITLE = "Proc. PLDI",
	PUBLISHER = "ACM",
	PAGES = "59--69",
  YEAR = 2001
}

@INPROCEEDINGS{deAlfaroFSE2001,
  AUTHOR = "L. de Alfaro and T. A. Henzinger",
  TITLE = "Interface Automata",
  BOOKTITLE = "Proc. 9$^{th}$ ESEC/FSE",
	PUBLISHER = "ACM",
	PAGES = "109--120",
  YEAR = 2001
}

@INPROCEEDINGS{demoura-cade02,
  AUTHOR = "L. de Moura and H. Rue{\ss} and M. Sorea",                                     
  TITLE = "Lazy Theorem Proving for Bounded Model Checking over Infinite Domains" ,   
  BOOKTITLE = "Proc. 18$^{th}$ CADE",
	PAGES = "438--455",
	SERIES = "LNCS 2392",
	PUBLISHER = "Springer",
  YEAR = "2002",                                                                                        
}

@INPROCEEDINGS{EnglerOSDI00,
  AUTHOR = "D. Engler and B. Chelf and A. Chou and S. Hallem",
  TITLE = "Checking System Rules Using System-Specific, Programmer-Written
  Compiler Extensions",
  BOOKTITLE = "Proc. 4$^{th}$ OSDI",
	PUBLISHER = "USENIX",
	PAGES = "1--16",
  YEAR = 2000
}

@INPROCEEDINGS{FosterPLDI99,
	AUTHOR = "J. S. Foster and M. F\:{a}hndrich and A. Aiken",
	TITLE = "A Theory of Type Qualifiers",
	BOOKTITLE = "Proc. PLDI",
	PAGES = "192--203",
	PUBLISHER = "ACM",
	YEAR = 1999
}

@TechReport{GanapathyTR1512,
  AUTHOR = "V. Ganapathy and S. A. Seshia and S. Jha and T. W. Reps and R. E. Bryant",
  TITLE = "Automatic Discovery of {API}-Level Vulnerabilities",
  INSTITUTION =  "UW-Madison Computer Sciences Dept.",
  NUMBER = 	 "UW-CS-TR-1512",
  NOTE = "\url{ftp://ftp.cs.wisc.edu/pub/tech-reports/reports/2004/tr1512.ps.Z}",
  YEAR = 	 "2004",
}

@INPROCEEDINGS{GrafCAV97,
	AUTHOR = "S. Graf and H. Saidi",
	TITLE = "Construction of abstract state graphs with {PVS}",
	BOOKTITLE = "Proc. 9$^{th}$ CAV",
	SERIES = "LNCS 1254",
	PUBLISHER = "Springer",
	PAGES = "72--83",
	YEAR = 1997
}

@ARTICLE{HarrisonProtectionCACM76,
  AUTHOR = "M. Harrison and W. Ruzzo and J. Ullmann",
  TITLE = "Protection in Operating Systems",
  JOURNAL = "Communications of the ACM",
  PAGES = "461--471",
  VOLUME = 19,
  NUMBER = 8,
  YEAR = 1976
}

@INPROCEEDINGS{HenzingerPOPL02,
	AUTHOR = "T. A. Henzinger and R. Jhala and R. Majumdar and G. Sutre",
	TITLE = "Lazy Abstraction",
  BOOKTITLE = "Proc. 29$^{th}$ POPL",
	PAGES = "58--70",
	PUBLISHER = "ACM",
  YEAR = 2002
}

@BOOK{HoglundExploiting04,
  AUTHOR = "G. Hoglund and G. McGraw",
  TITLE = "Exploiting Software: How to Break Code",
  PUBLISHER = "Addison Wesley",
  ADDRESS = "Boston, MA",
  YEAR = 2004
}
  
@INPROCEEDINGS{MoskewiczChaffDAC01,
  AUTHOR = "M. Moskewicz and C. Madigan and Y. Zhao and L. Zhang and S. Malik", 
  TITLE = "Chaff: Engineering an Efficient {SAT} Solver", 
  BOOKTITLE = "Proc. 38$^{th}$ Design Auto. Conf.",
	PUBLISHER = "ACM",
	PAGES = "530--535",
  YEAR = 2001
}
  
@ARTICLE{NewShamFormat00,
  AUTHOR = "T. Newsham",
  TITLE = "Format String Attacks",
  JOURNAL = "",
  NOTE = "\url{http://www.securityfocus.com/guest/3342}",
  YEAR = 2000
}
  
@INPROCEEDINGS{SeshiaLICS04,
  AUTHOR = "S. A. Seshia and R. E. Bryant",
  TITLE = "Deciding Quantifier-Free {Presburger} Formulas using Parameterized Solution Bounds",
  BOOKTITLE = "Proc. 19$^{th}$ LICS",
	PUBLISHER = "IEEE",
  YEAR = 2004,
}
  
@INPROCEEDINGS{ShankarFormatSec01,
  AUTHOR = "U. Shankar and K. Talwar and J. S. Foster and D. Wagner",
  TITLE = "Automated Detection of Format-String Vulnerabilities Using Type
  Qualifiers",
  BOOKTITLE = "Proc. 10$^{th}$ Security Symp.",
	PUBLISHER = "USENIX",
  YEAR = 2001
}

@ARTICLE{SIEGE,
  KEY = "siege",
  TITLE = "{S}iege {SAT} Solver",
  JOURNAL = "",
  NOTE = "\url{http://www.cs.sfu.ca/$\sim$loryan/personal}"
}

@INPROCEEDINGS{StumpCVCCAV02,
  AUTHOR = "A. Stump and C. W. Barrett and D. L. Dill",
  TITLE = "{CVC}: A Cooperating Validity Checker",
  BOOKTITLE = "Proc. 14$^{th}$ CAV",
  SERIES = "LNCS 2404",
	PUBLISHER = "Springer",
	PAGES = "236--249",
  YEAR = 2002
}
  
@ARTICLE{ThuemmelAnalysis01,
  AUTHOR = "A. Thuemmel",
  TITLE = "Analysis~of~format~string~bugs",
  JOURNAL = "Unpublished Manuscript",
  NOTE = "\url{downloads.securityfocus.com/library/format-bug-analysis.pdf}",
  YEAR = 2001
}

@ARTICLE{UCLID,
  KEY = "uclid",
  TITLE = "{UCLID}: A Verification Tool for Infinite State Systems",
  JOURNAL = "",
  NOTE = "\url{http://www.cs.cmu.edu/$\sim$uclid}"
}

@INPROCEEDINGS{WagnerNDSS00,
	AUTHOR = "D. Wagner and J. S. Foster and E. Brewer and A. Aiken",
	TITLE = "A first step towards automated detection of buffer overrun
	vulnerabilities",
	BOOKTITLE = "Proc. NDSS",
	YEAR = 2000
}

@INPROCEEDINGS{WhaleyISSTA02,
	AUTHOR = "D. Whaley and M. Martin and M. Lam",
	TITLE = "Automatic extraction of object-oriented component interfaces",
	BOOKTITLE = "Proc. ISSTA",
	PUBLISHER = "ACM",
	PAGES = "218--228",
	YEAR = 2002
}
