@conference{example-abstracts,
	Author = {{Mather, B.D.}},
	Booktitle = {{Ext. Abstracts CHI 2000}},
	Date-Added = {2009-03-07 17:10:20 +0000},
	Date-Modified = {2009-03-07 17:11:50 +0000},
	Pages = {1--2},
	Publisher = {ACM Press},
	Title = {{Making up titles for conference papers}},
	Year = {2000}}

@article{example-journal,
	Author = {{Anderson, R. E.}},
	Date-Added = {2009-03-07 16:57:41 +0000},
	Date-Modified = {2009-03-07 17:10:51 +0000},
	Journal = {Social Science Computing Review},
	Number = {2},
	Pages = {453--469},
	Title = {Social impacts of computing: COdes of professional ethics},
	Volume = {10},
	Year = {1992}}

@misc{acrobat,
	Date-Added = {2009-03-07 16:11:01 +0000},
	Date-Modified = {2009-03-07 17:10:51 +0000},
	Note = {\small{\url{http://get.adobe.com/reader/}}},
	Title = {{Adobe Acrobat Reader}},
	Url = {http://get.adobe.com/reader/ }}

@article{turing,
  Author = "A. Turing",
  Title = "Computing Machinery and Intelligence",
  Journal = "Mind LIX (236): 433–460",
  Year = 1950
}

@conference{spacetwist,
  Author = "M. L. Liu and C. S. Jensen and X. Huang and H. Lu",
  Title = "SpaceTwist: Managing the Tradeoffs among location privacy, query
  performance, and query accuracy in mobile services",
  Booktitle = "Proc ICDE",
  Year = 2008
}

@conference{kino1,
  Author = "H, Kido and Y. Yanagisawa and T. Satoh",
  Title = "Protection of Location Privacy using Dummies for Location-based Services",
  Booktitle = "Proc ICDE Workshops ",
  Year = 2005
}

@conference{kino2,
  Author = "H, Kido and Y. Yanagisawa and T. Satoh",
  Title = "An Anonymous Communication Technique using Dummies for Location-based Services",
  Booktitle = "Proc IEEE International Conference on Pervasive Services",
  Year = 2005
}

@conference{swarmscreen,
  Author = "D. Choffnes and J. Duch and D. Malmgren and R. Guierma and F. Bustamante and L. Amaral",
  Title = "SwarmScreen: Privacy Through Plausible Deniability in P2P Systems",
  Booktitle = "Northwestern EECS Technical Report",
  Year = 2009
}

@misc{yahootraffic,
 Key = {yahootraffic},
  Title = "{Y}ahoo! {L}ocal",
  Url = "\url{http://traffic.yahoo.com/traffic/}"
}
  
@conference{nvar,
  Author = "B. Cox and D. Evans and A. Filipi and J. Rowanhill and W. Hu and j.
  Davidson and J. Knight and A. Nguyen-Tuong and J. Hiser",
  Title = "{N}-{V}ariant Systems: {A} Secretless Framework for Security through
  Diversity",
  Booktitle = "Proc. USENIX Security Symposium",
  Year = 2006
}

@article{ka1,
  Author = "L. Sweeney",
  Title = "k-anonymity: {A} Model for Protecting Privacy",
  Journal = "International Journal on Uncertainty, Fuzziness and
  Knowledge-based Systems",
  Volume = 10,
  Number = 5,
  Pages = "557--570",
  Year = 2002
}

@article{ka2, 
  Author = "P. Samarati",
  Title = "Protecting respondents’ identities in microdata release",
  Journal = "IEEE Transactions on Knowledge and Data Engineering",
  Volume = 13,
  Number = 6,
  Pages = "1010--1027",
  Year = 2001
}

@Misc{ezpass,
 Key = {ezpass},
 Title =     {{EZPass}: {A} Pass on Privacy?},
 Url = {\url{"http://www.nytimes.com/2005/07/17/magazine/17WWLN.html"}},
}

@Misc{ezpass2,
 Key = {ezpass2},
 Title =     {{E}{Z}{P}ass records out cheaters in divorce court},
 Url = {\url{"http://www.msnbc.msn.com/id/20216302"}},
}

@Misc{nycgps,
 Key = {nycgps},
 Title =     {{NYC} cabs strike over {GPS} system plans},
 Url = {\url{http://www.engadget.com/2007/03/09/nyc-cab-drivers-say-no-thanks-to-gps-installation/}},
}

@Misc{anon,
 Key = {anon},
 Title =     {Anonymizer},
 Url = {\url{http://www.anonymizer.com/}},
}

@Misc{tor,
 Key = {tor},
 Title =     {Tor},
 Url = {\url{http://www.torproject.org/}},
}

@Misc{googlegeo,
 Key = {googlegeo},
 Title =     {Google Maps Geo {API}},
 Url = {\url{http://code.google.com/apis/maps/}},
}

@Misc{multimap,
 Key = {multimap},
 Title =     {Microsoft Multimap {API}},
 Url = {\url{http://www.multimap.com/}},
}

@Misc{yahoomap,
 Key = {yahoomap},
 Title =     {Yahoo Maps Local Search {API}},
 Url = {\url{http://developer.yahoo.com/maps/}},
}

@Misc{cabspotting,
 Key = {cabspotting},
 Title =     {Cabspotting project},
 Url = {\url{http://cabspotting.org/}},
}

@article{crowds,
  Author =    {M. K. Reiter and A. D. Rubin},
  Title =    {Crowds: {Anonymity} for {Web} transactions},
  Journal =    {ACM Transactions on Information and System Security},
  Volume = "1",
  Number = "1",
  Pages = "66-–92",
  Year =    1998,
}

@article{onion,
 Author = {D. Goldschlag and M. Reed and P. Syverson}, 
 Title = {Onion routing for anonymous and private {Internet} connections},
 Journal = {Communications of the ACM}, 
 Volume = "42",
 Number = "2",
 Pages = "39-–41",
 Year = 1999,
}

@conference{urs,
  Author = "G. Zhong and U. Hengartner",
  Title = "A Distributed k-Anonymity Protocol for Location Privacy",
  Booktitle = "Proc. IEEE PerCom",
  Year = 2009
}

@conference{urs-pir,
  Author = "U. Hengartner",
  Title = "Hiding Location Information from Location-Based Services",
  Booktitle = "Proc. International Workshop on Privacy-Aware Location-based Mobile Services (PALMS)",
  Year = 2007
}

@conference{ldiv,
  Author = "A. Machanavajjhala and J. Gehrke and D. Kifer and M. Venkitasubramaniam",
  Title = "{$\ell$-Diversity}: Privacy Beyond k-Anonymity",
  Booktitle = "Proc. ICDE",
  Year = 2006
}

@conference{tclose,
  Author = "N. Li and T. Li and S. Venkatasubramanian",
  Title = "t-Closeness: Privacy Beyond k-Anonymity and l-Diversity",
  Booktitle = "Proc. ICDE",
  Year = 2007
}
  

@conference{privacymap,
  Author = "A. Machanavajjhala and D. Kifer and J. Abowd and J. Gehrke and L. Vilhuber", 
  Title = "Privacy: Theory meets Practice on the Map",
  Booktitle = "Proc. ICDE",
  Year = 2008
}

@conference{gruteser1,
  Author = "B. Hoh and M. Gruteser",
  Title =  "Location Privacy Through Path Confusion",
  Booktitle = "Proc. SecureComm",
  Year = 2005
}

@conference{gruteser2,
  Author = "B. Hoh and M. Gruteser and R. Herring and J. Ban and D. Work and J-C. Herrera
  and A. Bayen and M. Annavaram and Q. Jacobson",
  Title = "Virtual Trip-Lines for Distributed Privacy-Preserving Traffic Monitoring",
  Booktitle = "Proc. Mobisys",
  Year = 2008,
}

@conference{gruteser,
  Author = "M. Gruteser and D. Grunwald",
  Title = "Anonymous Usage of Location-Based Services through Spatial and Temporal Cloaking",
  Booktitle = "Proc. Mobisys",
  Year = 2003,
}

@conference{krumm,
 Author = "J. Krumm", 
 Title = "Inference Attacks on Location Tracks",
 Booktitle = "Proc. Pervasive",
 Year = 2007,
}

@conference{krumm2,
 Author = "J. Krumm", 
 Title = "Realistic Driving Trips For Location Privacy",
 Booktitle = "Proc. Pervasive",
 Year = 2009,
}

@conference{newcasper,
  Author = "M. F. Mokbel and C-Y. Chow and W. G. Aref",
  Title = "The New {Casper}: {Query} Processing for Location Services without
  Compromising Privacy",
  Booktitle = "Proc. VLDB",
  Year = 2006
}

@conference{privacygrid,
  Author = "B. Bamba and L. Liu and P. Pesti and T. Wang",
  Title = "Supporting Anonymous Location Queries in Mobile Environments with
  {PrivacyGrid}",
  Booktitle = "Proc. WWW",
  Year = 2008
}

@conference{prive,
  Author = "G. Ghinita and P. Kalnis and S. Skiadopoulos",
  Title = "{PRIVE}: {Anonymous} Location-based Queries in Distributed Mobile Systems",
  Booktitle = "Proc. WWW", 
  Year = 2007
}

@conference{continuousq,
  Author = "C.-Y. Chow and M. F. Mokbel",
  Title = "Enabling Private Continuous Queries for Revealed User Locations",
  Booktitle = "Proc.  SSTD'07: Advances in Spatial and Temporal Databases",
  Year = 2007
}

@conference{gis06,
  Author = "C-Y. Chow and M. F. Mokbel and X. Liu",
  Title = "A Peer-to-Peer Spatial Cloaking Algorithm for Anonymous
  Location-based Services",
  Booktitle = "Proc. GIS'06: ACM International Symposium on Advances in Geographic
  Information Systems",
  Year = 2006
}

@conference{liucloaking,
  Author = "B. Gedik and L. Liu",
  Title = "Location Privacy in Mobile Systems: A Personalized Anonymization Model",
  Booktitle = "Proc. ICDCS",
  Year = 2005
}

@article{tmc07,
  Author = "B. Gedik and L. Liu",
  Title = "Protecting Location Privacy with Personalized k-Anonymity:
  Architecture and Algorithms",
  Journal = "IEEE Transactions on Mobile Computing",
  Year = 2007
}

@article{hilbertcloaking,
  Author = "P. Kalnis and G. Ghinita and K. Mouratidis and D. Papadias",
  Title = "Preventing Location-Based Identity Inference in Anonymous Spatial Queries",
  Journal = "IEEE Transactions on Knowledge and Data Engineering", 
  Volume = 19,
  Number = 12,
  Pages = "1719--1733",
  Year = 2007
}

@conference{mobihide,
  Author = "G. Ghinita and P. Kalnis and S. Skiadopoulos", 
  Title = "MobiHide: A Mobile Peer-to-Peer System for Anonymous Location-Based Queries", 
  Booktitle = "Proc. SSTD'07: International Symposium on Spatial and Temporal
  Databases",
  Year = 2007
}

@article{trackmenot,
  Author = "D. Howe and H. Nissenbaum",
  Title = "{TrackMeNot}: {Resisting} Surveillance in {Web} Search",
  Journal = "On the Identity Trail: Privacy, Anonymity and Identity in a
  Networked Society (Oxford University Press)", 
  Year = 2008
}

@conference{pws,
  Author = "F. Saint-Jean and A. Johnson and D. Boneh and J. Feigenbaum",
  Title = "Private {Web} Search",
  Booktitle = "Proc. WPES'07: ACM Workshop on Privacy in the Electronic Society",
  Year = 2007
}

@conference{gkk+08,
  Author = "G. Ghinita and P. Kalnis and A. Khoshgozaran and C. Shahabi and
  K-L. Tan",
  Title = "Private Queries in Location-based Services: {Anonymizers} are not
  necessary",
  Booktitle = "Proc. ACM SIGMOD",
  Year = 2008
}

@conference{sionpir,
  Author = "R. Sion and B. Carbunar",
  Title = "On the Computational Practicality of Private Information Retrieval",
  Booktitle = "Proc. NDSS",
  Year = 2007
}

@conference{cpir,
  Author = "E. Kushilevitz and R. Ostrovsky",
  Title = "Replication is not needed: Single database, computationally-private information retrieval",
  Booktitle = "Proc. FOCS'97: IEEE Symposium on Foundations of Computer Science", 
  Year = 1997
}

@article{quadtree,
  Author = "R. Finkel and J.L. Bentley",
  Title = "Quad Trees: A Data Structure for Retrieval on Composite Keys",
  Journal = "Acta Informatica",
  Volume = 4,
  Number = 1,
  Pages = "1--9",
  Year = 1974
}

@conference{romit,
  Author = "J. Meyerowitz, R. Roy Choudhury",
  Title = "Realtime Location Privacy Via Mobility Prediction: Creating Confusion at Crossroads",
  Booktitle = "Proc. HotMobile",
  Year = 2009
}

@conference{dwork,
  Author = "C. Dwork",
  Title = "Differential Privacy",
  Booktitle = "Proc. ICALP'06: Intl. Colloquium on Automata, Languages and
  Programming",
  Year = 2006
}
