@string{ACM  = "ACM Press"}
@string{IEEE = "IEEE Computer Society Press"}
@string{SV   = "Springer-Verlag"}
@string{AW   = "Addison-Wesley"}
@string{MIT   = "MIT Press"}

%Series
@string{LNCS = "LNCS"}

%Journals
@string{JCS =  "Journal of Computer Security"}
@string{TCS =  "Theoretical Computer Science"}
@string{JACM = "Journal of the ACM"}
@string{CACM = "Communications of the ACM"}
@string{IC =   "Information and Computation"}
@string{TOPLAS = "ACM TOPLAS"}
@string{HOSC = "Higher Order and Symbolic Computation"}
@string{TSE = "IEEE Transactions on Software Engineering"}
@string{ACMTISSEC ="ACM  Transactions on Information and System Security"}
%Conferenes
@string{RAID="International Symposium on Recent Advances in Intrusion Detection "}
@string{ACMEC="ACM Conference on Electronic Commerce"}
@string{ICEC="International Conference on Electronic Commerce"}
@string{ACSAC="Annual Computer Security Applications Conference "}
@string{CCS  = "ACM Conference on Computer and Communications Security "}
@string{SSP  = "IEEE Symposium on Security and Privacy"}
@string{USENIXSEC  = "{USENIX} Security Symposium"}
@string{ASPLOS = "International Conference on Architectural Support for Programming Languages and Operating System (ASPLOS)"}
@string{LICS = "IEEE Symposium on Logic in Computer Science "}




@string{SOSP = "ACM Symp. on Operating System Principles"}
@string{ESOP = "European Symposium on Programming"}
@string{FOSSACS = "Foundations of Software Science and Computation Structure"}
@string{POPL = "ACM Symp. on Principles of Programming Languages"}
@string{CSFW = "IEEE Computer Security Foundations Workshop"}
@string{ESORICS = "European Symp. on Research in Computer Security"}
@string{SAS = "Symposium on Static Analysis"}
@string{ICFP ="ACM International Conference on Functional Programming"}
@string{LICS ="IEEE Symp. on Logic in Computer Science"}

@article{KoenkerBassett78,
   AUTHOR    = {Koenker, R. and Bassett, G.},
   TITLE     = {Regression quantiles},
   JOURNAL   = {Econometrica},
   YEAR      = 1978,
   PAGES     = {33--50},
   VOLUME    = 46
}

@Misc{nyag-ebayshill2004,
  author =       {{New York Attorney General}},
  title =        {Shill bidding exposed in online auctions},
  howpublished = {Press release},
  month =        nov,
  year =         2004
}

@Book{Ricestat,
  author = 	 {John A. Rice},
  title = 	 {Mathematical Statistics and Data Analysis},
  publisher = 	 {Duxbury Press},
  year = 	 {1994},
  edition = 	 {$2^{nd}$},
}

@article{quart,
  author    = {P. Chaudhuri and W.-Y. Loh},
  title     = {Nonparametric estimation of conditional quantiles using
               quantile regression trees},
  journal   = {Bernoulli},
  year      = 2002,
  volume    = 8,
  pages     = "561--576"
}



@misc{ebay2005q1,
  AUTHOR =	 {eBay Inc.},
  TITLE =	 {First Quarter 2005 Financial Results},
  YEAR =	 {2005},
  month =	 {April},
}

@InProceedings{kdd2002web,
  author =	 {Harshit S. Shah and Neeraj R. Joshi and Ashish
                  Sureka and Peter R. Wurman},
  title =	 {Mining {eBay}: Bidding Strategies and Shill Detection},
  year =	 {2003},
  booktitle =	 {4th International Workshop on Mining Web Data for Discovering Usage Patterns and Profiles},
  month =	 {July},
  address =	 {Edmonton, Alberta},
  editor =       {Springer-Verlag}
}

@article{CACMReputationSystems,
  author =	 {Paul Resnick and Ko Kuwabara and Richard Zeckhauser
                  and Eric Friedman},
  title =	 {Reputation systems},
  journal =	 CACM,
  volume =	 {{\bf 43}},
  number =	 {12},
  year =	 {2000},
  address =	 {New York, NY},
}

@inproceedings{KauffmanWood,
  author =	 {Robert J. Kauffman and Charles A. Wood},
  title =	 {Running up the bid: detecting, predicting, and
                  preventing reserve price shilling in online
                  auctions},
  booktitle =	 ICEC,
  year =	 {2003},
  address =	 {Pittsburgh, PA },
}

@inproceedings{DellarocasACMEC2000,
  author =	 {Chrysanthos Dellarocas},
  title =	 {Immunizing online reputation reporting systems
                  against unfair ratings and discriminatory behavior},
  booktitle =	 ACMEC,
  year =	 {2000},
  address =	 {Minneapolis, MN},
}

@Book{kagel02:,
  author =	 {John H. Kagel and Dan Levin},
  title =	 {Common Value Auctions and the Winner's Curse},
  publisher =	 {Princeton University Press},
  year =	 2002,
}

%%%%%%%%%%%%%%%%%%%%%%%%%%%%%%%%%%%%%%%%%%%%%%%%%%%%%%%%%%%%%
%%%%%%%%%%%%%%%%%%%%%%%%%%%%%%%%%%%%%%%%%%%%%%%%%%%%%%%%%%%%%
%      Mihai
%
% Shilling / fraud detection
%
@Article{sinhagreenleaf-covertshilling2000,
  author =	 {Atanu R. Sinha and Eric A. Greenleaf},
  title =	 {The Impact of Discrete Bidding and Bidder
                  Aggressiveness on Sellers' Strategies in Open
                  {English} Auctions: Reserves and Covert Shilling},
  journal =	 {Marketing Science},
  year =	 2000,
  volume =	 19,
  number =	 3,
  month =	 {Summer}
}

@Article{snyder-fraudstop2000,
  author =	 {James M. Snyder},
  title =	 {Online auction fraud: are the auction houses doing
                  all they should or could to stop online fraud?},
  journal =	 {Federal Communications Law Journal},
  year =	 2000,
  volume =	 52,
  number =	 2,
  month =	 March
}

@Unpublished{hidvegiwangwhinston-englishshill,
  author =	 {Zolt\'an Hidv\'egi and Wenli Wang and Andrew
                  B. Whinston},
  title =	 {Sequential {English} Auctions with Shill Bidding},
  note =	 {Working paper, Emory University, Atlanta, GA}
}

@Unpublished{hidvegiwangwhinston-spf,
  author =	 {Zolt\'an Hidv\'egi and Wenli Wang and Andrew
                  B. Whinston},
  title =	 {Shill-Proof Fee ({SPF}) Schedule: the Sunscreen
                  against Seller Self-Collusion in Online {English}
                  Auctions},
  note =	 {Working paper, Emory University, Atlanta, GA}
}

%
% Reputation systems.
%
@InCollection{resnickzeckhauser-ebayreputation2002,
  author =	 {Paul Resnick and Richard Zeckhauser},
  title =	 {Trust Among Strangers in {Internet} Transactions:
                  Empirical Analysis of {eBay}'s Reputation System},
  booktitle =	 {The Economics of the {Internet} and E-Commerce},
  publisher =	 {Elsevier Science},
  year =	 2002,
  editor =	 {Michael R. Baye},
  volume =	 11,
  series =	 {Advances in Applied Microeconomics},
  address =	 {Amsterdam, Netherlands}
}

@Article{brinkmannseifert-auctiontrust2001,
  author =	 {Ulrich Brinkmann and Matthias Seifert},
  title =	 {{`Face to Interface'}: {Zum} {Problem} der
                  {Vertrauenskonstitution} im {Internet} am {Beispiel}
                  von elektronischen {Auktionen}},
  journal =	 {Zeitschrift f\"ur Soziologie},
  year =	 2001,
  volume =	 30,
  number =	 1,
  pages =	 {23--47},
  month =	 feb,
}

@Article{dellarocas-wordofmouth2003,
  author =	 {Chrysanthos Dellarocas},
  title =	 {The Digitization of Word-of-Mouth: Promise and
                  Challenges of Online Feedback Mechanisms},
  journal =	 {Management Science},
  year =	 2003,
  volume =	 49,
  number =	 10,
  pages =	 {1407--1424},
  month =	 oct,
}

@Unpublished{dellarocas-onlinereputation,
  author =	 {Chrysanthos Dellarocas and Ming Fan and Charles
                  A. Wood},
  title =	 {Self-Interest, Reciprocity, and Participation in
                  Online Reputation Systems},
  note =	 {Working paper, MIT Sloan School of Management,
                  Cambridge, MA}
}

@Article{houserwooders-ebayreputation2004,
  author =	 {Daniel Houser and John Wooders},
  title =	 {Reputation in auctions: Theory, and evidence from
                  {eBay}},
  journal =	 {Journal of Economics and Management Strategy},
  year =	 2004,
}

@Article{livingston-howvaluable2005,
  author =	 {Jeffrey Alan Livingston},
  title =	 {How Valuable is a Good Reputation? A Sample
                  Selection Model of Internet Auctions},
  journal =	 {Review of Economics and Statistics},
  year =	 2005
}

@Article{melnikalm-reputationmatters2002,
  author =	 {Mikhail Ion Melnik and James Alm},
  title =	 {Does a Seller's Ecommerce Reputation Matter?
                  Evidence from {eBay} Auctions},
  journal =	 {Journal of Industrial Economics},
  year =	 2002,
  volume =	 50,
  number =	 3,
  pages =	 {337--349}
}

@Unpublished{resnickzeckhauserswansonlockwood-reputationexperiment2004,
  author =	 {Paul Resnick and Richard Zeckhauser and John Swanson
                  and Kate Lockwood},
  title =	 {The Value of Reputation on {eBay}: A Controlled
                  Experiment},
  note =	 {Working paper, available at
                  \url{http://www.si.umich.edu/} \url{~presnick/papers/postcards/}, University of Michigan, Ann Arbor, MI}
}

@Unpublished{ dewanhsu-trust2001,
  author =   {Sanjeev Dewan and Vernon Hsu},
  title =    {Trust in Electronic Markets: Price Discovery in Generalist Versus Specialty Online Auctions},
  note =     {Working paper, available at \url{http://databases.si.umich.edu/} \url{reputations/bib/papers/Dewan&Hsu.doc}, University of Michigan, Ann Arbor, MI}
}

@Article{bajarihortacsu-ebay2003,
  title =    {The Winner's Curse, Reserve Prices, and Endogenous Entry: Empirical Insights from {eBay} Auctions},
  author =   {Patrick Bajari and Ali Horta\c{c}su},
  journal =  {RAND Journal of Economics},
  year =     2003,
  volume =   34,
  number =   2,
  pages =    {329--355},
  month =    {Summer}
}

@Article{standifird01-asymmetricalreputation2001,
  author =	 {S. S. Standifird},
  title =	 {Reputation and e-commerce: {eBay} Auctions and the
                  Asymmetrical Impact of Positive and Negative
                  Ratings},
  journal =	 {Journal of Management},
  year =	 2001,
  volume =	 27,
  number =	 3,
  pages =	 {279--296},
  month =	 {May/June}
}

@Unpublished{yamagishi-roleofreputation,
  author =	 {Toshio Yamagishi},
  title =	 {The Role of Reputation In Open and Closed Societies:
                  An Experimental Study of Internet Auctioning},
  note =	 {Working paper, Hokkaido University, Japan}
}

@InProceedings{chensingh-reputation2001,
  author =       {Mao Chen and Jaswinde P. Singh},
  title =        {Computing and using reputations for {Internet} rating},
  booktitle =    {3rd ACM Conference on Electronic Commerce (EC'01)},
  OPTcrossref =  {},
  OPTkey =       {},
  pages =        {154--162},
  year =         2001,
  OPTeditor =    {},
  OPTvolume =    {},
  OPTnumber =    {},
  OPTseries =    {},
  OPTaddress =   {},
  OPTmonth =     {},
  OPTorganization = {},
  OPTpublisher = {},
  OPTnote =      {},
  OPTannote =    {}
}

%
% News articles, etc.
%
@Misc{ebay-policy,
  author =	 {{eBay Inc.}},
  title =	 {Policy: Seller Shill Bidding},
  howpublished = {Published online at
                  \url{http://pages.ebay.com/help/policies/seller-shill-bidding.} \url{html} (last accessed May 4, 2005).}
}

@Misc{uslaw-mailfraud,
  author =	 {United States of America},
  title =	 {{United States Code, Title 18, Part I, Chapter 63,
                  Mail Fraud}}
}

@Article{nilsonreport-march2005,
  author =	 {{HSN Consultants Inc.}},
  title =	 {Credit Card Fraud in the {U.S.}},
  journal =	 {The Nilson Report},
  year =	 2005,
  number =	 830,
  month =	 mar
}

%
% General machine learning
%
@Book{dudahardstork-patternclassif2000,
  author =	 {Richard O. Duda and Peter E. Hart and David
                  G. Stork},
  title =	 {Pattern Classification},
  publisher =	 {John Wiley and Sons, Inc.},
  year =	 2000,
  edition =	 {$2^{nd}$},
  address =	 {New York, NY}
}

%
% CC fraud detection
%
@InProceedings{brauselangsdorfhepp-ccfraud1999,
  author =	 {R. Brause and T. Langsdorf and M. Hepp},
  title =	 {Neural data mining for credit card fraud detection},
  booktitle =	 {11th IEEE International
                  Conference on Tools with Artificial Intelligence},
  pages =	 {103--106},
  year =	 1999,
  address =	 {Chicago, IL},
  month =	 nov
}

%
% Telecom fraud detection
%
@InProceedings{moreauverrelstvandewalle-mobilefraud1997,
  author =	 {Yves Moreau and Herman Verrelst and Joos Vandewalle},
  title =	 {Detection of Mobile Phone Fraud using Supervised
                  Neural Networks: A First Prototype},
  booktitle =	 {International Conference on
                  Artificial Neural Networks (ICANN'97)},
  pages =	 {1065--1070},
  year =	 1997,
  address =	 {Lausanne, France},
  publisher =	 {Springer-Verlag}
}

@Article{boltonhand-fraudreview2002,
  author =	 {Richard J. Bolton and David J. Hand},
  title =	 {Statistical Fraud Detection: A Review},
  journal =	 {Statistical Science},
  year =	 2002,
  volume =	 17,
  number =	 3,
  pages =	 {235--255}
}

%
% Computer security
%
@InProceedings{neculamcpeakweimer-ccured2002,
  author =	 {George C. Necula and Scott McPeak and Westley
                  Weimer},
  title =	 {{CCured}: Type-Safe Retrofitting of Legacy Code},
  booktitle =	 {29th Annual SIGPLAN-SIGACT
                  Symposium on Principle of Programming Languages
                  (POPL'02)},
  pages =	 {128--139},
  year =	 2002,
  address =	 {Portland, OR},
  month =	 jan,
  publisher =	 {ACM Press}
}

@InProceedings{leestolfomok-idsdatamining1999,
  author =	 {Wenke Lee and S. J. Stolfo and K. W. Mok},
  title =	 {A data mining framework for building intrusion
                  detection models},
  booktitle =	 {IEEE Symposium on Security
                  and Privacy},
  pages =	 {120--132},
  year =	 1999,
  address =	 {Oakland, CA}
}

@PhdThesis{lee-thesis1999,
  author =	 {Wenke Lee},
  title =	 {A data mining framework for constructing features
                  and models for instrusion detection systems},
  school =	 {Columbia University},
  year =	 1999
}

@inproceedings{krugeltothkirda-servicespecificnids2002,
  author =	 {Christopher Kr\"ugel and Thomas Toth and Engin Kirda},
  title =	 {Service specific anomaly detection for network intrusion detection},
  booktitle =	 {17th ACM Symposium on Applied Computing (SAC'02)},
  year =	 2002,
  pages =	 {201--208},
  location =	 {Madrid, Spain},
  publisher =	 {ACM Press}
}

%
% Link analysis
%
@InProceedings{cortespregibonvolinsky-coi2001,
  author =       {Corinna Cortes and Daryl Pregibon and Chris Volinsky},
  title =        {Communities of interest},
  booktitle =    {4th International Conference on Advances in Intelligent Data Analysis (IDA'01)},
  pages =        105,
  year =         2001,
  editor =       {F. Hoffmann and D.J. Hand and N. Adams and D. Fisher and G. Guimaraes},
  volume =       2189,
  series =       {Lecture Notes in Computer Science},
  address =      {Cascais, Portugal},
  month =        sep,
  publisher =    {Springer-Verlag}
}
