@techreport{a72,
  author = "J. P. Anderson",
  title = "Computer Security Technology Planning Study, Volume {II}",
  institution = "Deputy for Command and Management Systems",
  number = "ESD-TR-73-51",
  address = "L. G. Hanscom Field, Bedford, MA",
  month = "October",
  year = 1972
}

@inproceedings{abe+05,
  author = "M. Abadi and M. Budiu and U. Erlingsson and J. Ligatti",
  title = "Control-Flow Integrity: {Principles}, Implementations and
  Applications",
	booktitle = "ACM Conference on Computer and Communications Security",
	month = "November",
  year = 2005
}

@inproceedings{ah90,
  author = "H. Agrawal and J. R. Horgan",
  title = "Dynamic Program Slicing",
	booktitle = "ACM Conference Programming Language Design and
	Implementation",
	month = "June",
  year = 1990
}

@misc{aosd,
	key = "Aosd",
	title = "Aspect-oriented Software Development",
	note = "\url{http://aosd.net}"
}

@misc{aspectc,
	key = "Aspectc",
	title = "The home of {AspectC++}",
	note = "\url{http://www.aspectc.org}"
}

@misc{aspectj,
	key = "Aspectj",
	title = "{AspectJ} Project",
	note = "\url{http://www.eclipse.org/aspectj}"
}

@inproceedings{bnr03,
  author = "T. Ball and M. Naik and S. Rajamani",
  title = "From Symptom to Cause: {Localizing} Errors in Counterexample
  Traces",
	booktitle = "ACM Symposium on Principles of Programming Languages",
	month = "January",
  year = 2003
}

@inproceedings{blw05,
  author = "L. Bauer and J. Ligatti and D. Walker",
  title = "Composing Security Policies with {Polymer}",
	booktitle = "ACM Conference on Programming Language Design and
	Implementation",
	month = "June",
  year = 2005
}

@techreport{bl76,
  author = "D. E. Bell and L. J. LaPadula",
  title = "Secure Computer System: {Unified} Exposition and {MULTICS}
  Interpretation",
  institution = "Deputy for Command and Management Systems",
  number = "ESD-TR-75-306",
  address = "L. G. Hanscom Field, Bedford, MA",
  month = "March",
  year = 1976
}

@article{bpw+90,
	author = "J. Berger and J. Picciotto and J. Woodward and P. Cummings",
	title = "Compartmented Mode Workstation: {Prototype} Highlights",
	journal = "IEEE Transactions on Software Engineering",
	volume = 16,
	number = 6,
	month = "June",
	year = 1990
}

@article{bd96,
  author = "M. Bishop and M. Digler",
  title = "Checking for Race Conditions in File Accesses",
  journal = "Computer Systems",
  volume = 9,
  number = 2,
  month = "Spring",
  year = 1996
}

@inproceedings{bn89,
  author = "D. F. C. Brewer and M. J. Nash",
  title = "The {Chinese Wall} Security Policy",
  booktitle = "IEEE Symposium on Security and Privacy",
  month = "May",
  year = 1989
}

@inproceedings{chl99,
  author = "T. Chilimbi and M. Hill and J. Larus",
  title = "Cache-Conscious Structure Layout",
	booktitle = "ACM Conference on Programming Language Design and
	Implementation",
	month = "June",
  year = 1999
}

@inproceedings{cz05,
  author = "H. Cleve and A. Zeller",
  title = "Locating Causes of Program Failures",
	booktitle = "International Conference on Software Engineering",
	month = "May",
  year = 2005
}

@inproceedings{dru05,
  author = "V. Diwakara and V. Rajegowda and P. Uppuluri",
  title = "Preventing Information Leaks in {X} Windows",
	booktitle = "International Conference on Communication, Network, and
	Information Security",
  month = "November",
  year = 2005,
}

@misc{dyninst,
	key = "dyninst",
	title = "{Dyninst API}",
	note = "\url{http://www.dyninst.org}"
}

@inproceedings{e90,
	author = "J. J. Epstein",
	title = "A Prototype for Trusted {X} Labeling Policies",
	booktitle = "Annual Computer Security Applications Conference",
	month = "December",
	year = 1990
}

@article{emo+94,
	author = "J. Epstein and J. McHugh and H. Orman and R. Pascale and A-M.
	Squires and B. Danner and C. Martin and M. Branstad and G. Benson and D.
	Rothnie",
	title = "A High Assurance Window System Prototype",
	journal = "Journal of Computer Security",
	volume = 2,
	number = {2-3},
	year = 1993
}

@inproceedings{ep91,
	author = "J. Epstein and J. Picciotto",
	title = "Trusting {X}: {Issues} in Building Trusted {X} Window Systems -or-
	{What's} not Trusted about {X}?",
	booktitle = "Annual National Computer Security Conference",
	month = "October",
	year = 1991
}

@phdthesis{e04,
  author = "U. Erlingsson",
  title = "The Inlined Reference Monitor Approach to Security Policy
  Enforcement",
  school = "Cornell University",
  month = "January",
  year = 2004
}

@inproceedings{ea03,
  author = "D. Engler and K. Ashcraft",
  title = "{RacerX:} {Effective}, static detection of race conditions and
  deadlocks",
	booktitle = "ACM Symposium on Operating System Principles",
	month = "October",
  year = 2003
}

@inproceedings{ekv+05, 
  author = "P. Efstathopoulos and M. Krohn and S. VanDeBogart and C. Frey 
  and D. Ziegler and E. Kohler and D. Mazieres and F. Kaashoek and R. Morris", 
  title = "Labels and Event Processes in the {Asbestos} Operating System",
  booktitle = "ACM Symposium on Operating System Principles",
  month = "October",
  year = 2005
}

@inproceedings{es00,
  author = "\'{U}. Erlingsson and F. B. Schneider",
  title = "{IRM} Enforcement of {Java} Stack Inspection",
  booktitle = "IEEE Symposium on Security and Privacy",
  month = "May",
  year = 2000
}

@inproceedings{et99,
  author = "D. Evans and A. Twyman",
  title = "Flexible Policy-Directed Code Safety",
  booktitle = "IEEE Symposium on Security and Privacy",
  month = "May",
  year = 1999
}

@inproceedings{fgh+04, 
  author = "H. H. Feng and J. T. Giffin and Y. Huang and S. Jha and W. Lee and
  B. Miller",
  title = "Formalizing Sensitivity in Static Analysis for Intrusion Detection",
  booktitle = "IEEE Symposium on Security and Privacy",
  month = "May",
  year = 2004
}

@inproceedings{fhs+96,
  author = "S. Forrest and S. Hofmeyr and A. Somayaji and T. Longstaff",
  title = "A sense of self for {Unix} Processes",
  booktitle = "IEEE Symposium on Security and Privacy",
  month = "May",
  year = 1996
}

@inproceedings{fh05,
	author = "N. Feske and C. Helmuth",
	title = "A {Nitpicker's} Guide to a minimal-complexity secure {GUI}",
	booktitle = "Annual Computer Security Applications Conference",
	month = "December",
	year = 2005
}

@book{ge03,
  author = "L. Gong and G. Ellison",
  title = "Inside {Java}$^{TM}$ 2 Platform Security: {Architecture}, {API}
  Design, and Implementation",
  year = 2003,
  publisher = "Pearson Education"
}

@inproceedings{gjj05,
  author = "V. Ganapathy and T. Jaeger and S. Jha", 
  title = "Automatic placement of authorization hooks in the {Linux} security
  modules framework",
	booktitle = "ACM Conference on Computer and Communications Security",
	month = "November",
  year = 2005
}

@inproceedings{hl02,
  author = "S. Hangal and M. Lam",
  title = "Tracking down software bugs using automatic anomaly detection",
	booktitle = "International Conference on Software Engineering",
	month = "May",
  year =2002
}

@article{hs05,
  author = "M. Hicks and S. Nettles",
  title = "Dynamic Software Updating",
  journal = "ACM Transactions on Programming Languages and Systems",
  month = "September",
  year = 2005
}

@article{jez04,
  author = "T. Jaeger and A. Edwards and X. Zhang",
  title = "Consistency Analysis of Authorization Hook Placement in the {Linux}
  Security Modules Framework",
  journal = "ACM Transactions on Information and System Security",
  volume = "7",
  number = "2",
  pages = "175--205",
  month = "May",
  year = 2004
}

@inproceedings{jmg+02,
  author = "T. Jim and G. Morrisett and D. Grossman and M. Hicks and J. Cheney
  and Y. Wang",
  title = "Cyclone: {A} safe dialect of {C}",
  booktitle = "USENIX Annual Technical Conference",
  month = "June",
  year = 2002
}  
  
@techreport{ks74,
  author = "P. A. Karger and R. R. Schell",
  title = "{MULTICS} Security Evaluation: {Vulnerability} Analysis",
  institution = "Deputy for Command and Management Systems",
  number = "ESD-TR-74-193",
  address = "L. G. Hanscom Field, Bedford, MA",
  month = "June",
  year = 1974
}
  
@inproceedings{klm+97,
	author = "G. Kiczales and J. Lamping and A. Mendhekar and C. Maeda and C.
	Lopes and J.-M. Loingtier and J. Irwin",
	title = "Aspect-oriented programming",
	booktitle = "European Conference on Object-Oriented Programming",
	month = "June",
	year = 1997
}

@techreport{ksv03,
  author = "D. Kilpatrick and W. Salamon and C. Vance",
  title = "Securing the {X} {Window} System with {SELinux}",
  institution = "NAI Labs",
  number = "03-006",
  month = "March",
  year = "2003"
}
  
@inproceedings{kr97,
  author = "B. Korel and J. Rilling",
  title = "Application of Dynamic Slicing in Program Debugging",
  booktitle = "Automated and Algorithmic Debugging",
  year = 1997
}
  
@inproceedings{kpk02,
  author = "L. Koved and M. Pistoia and A. Kershenbaum",
  title = "Access Rights Analysis for {Java}",
	booktitle = "ACM Conference on Object-Oriented Programming
	Systems, Languages and Applications",
  month = "November",
  year = 2002
}
 
@phdthesis{l04,
  author = "B. Liblit",
  title = "Cooperative Bug Isolation",
  school = "University of California, Berkeley",
  month = "Fall",
  year = 2004
}
 
@inproceedings{lrb+05, 
  author = "C. M. Linn and M. Rajagopalan and S. Baker and C. Collberg and S. K. Debray and J. Hartmann", 
  title = "Protecting against unexpected system calls",
  booktitle = "USENIX Security Symposium",
  month = "August", 
  year = 2005
}
  
@inproceedings{ls01a,
  author = "P. Loscocco and S. Smalley",
  title = "Integrating Flexible Support for Security Policies into the {Linux}
  Operating System",
  booktitle = "FREENIX track: USENIX Annual Technical Conference",
  month = "June",
  year = 2001
}
  
@inproceedings{ls01b,
  author = "P. Loscocco and S. Smalley",
  title = "Meeting Critical Security Objectives with Security-Enhanced {Linux}",
  booktitle = "Ottawa Linux Symposium",
  month = "July",
  year = 2001
}

@book{m97,
  author = "S. S. Muchnick",
  title = "Advanced Compiler Design and Implementation",
  publisher = "Morgan Kaufmann",
  year = 1997,
}

@inproceedings{nmr+02,
  author = "G. C. Necula and S. McPeak and S. P. Rahul and W. Weimer",
  title = "{CIL:} {Intermediate} Language and Tools for Analysis and
  Transformation of {C} Programs",
	booktitle = "International Conference on Compiler Construction",
	month = "April",
  year = 2002,
  note = "Available at: \url{http://manju.cs.berkeley.edu/cil}"
}

@inproceedings{nmw02,
  author = "G. C. Necula and S. McPeak and W. Weimer",
  title = "{CCured:} {Type}-safe Retrofitting of Legacy Code",
	booktitle = "ACM Symposium on Principles of Programming
	Languages",
  month = "January",
  year = 2002
}

@phdthesis{p97,
  author = "H. Patterson",
  title = "Informed Prefetching and Caching",
  school = "Carnegie Mellon University",
  month = "October",
  year = 1997
}

@inproceedings{p91,
	author = "J. Picciotto",
	title = "Towards Trusted Cut and Paste in the {X} Window System",
	booktitle = "Annual Computer Security Applications Conference",
	month = "December",
	year = 1991
}

@inproceedings{rl04,
  author = "O. Ruwase and M. Lam",
  title = "A Practical Dynamic Buffer Overflow Detector",
	booktitle = "Networked and Distributed System Security Symposium",
	month = "February",
  year = 2004
}

@inproceedings{rbc02,
  author = "S. Rubin and R. Bodik and T. Chilimbi",
  title = "An efficient profile-analysis framework for data-layout
  optimizations",
  booktitle = "ACM Symposium on the Principles of
  Programming Languages",
  month = "January",
  year = 2002
}

@article{ss75,
  author = "J. H. Saltzer and M. D. Schroeder",
  title = "The Protection of Information in Computer Systems",
  journal = "Proceedings of the IEEE",
	volume = 63,
	number = 9,
  month = "September",
  year = 1975
}

@inproceedings{sbb+01,
  author = "R. Sekar and M. Bendre and P. Bollineni and D. Dhurjati",
  title = "A fast automaton-based method for detecting anomalous program
  behaviors",
  booktitle = "IEEE Symposium on Security and Privacy",
  month = "May",
  year = 2001
}

@inproceedings{svn+04,
	author = "J. S. Shapiro and J. Vanderburgh and E. Northup and D. Chizmadia",
	title = "Design of the {EROS} Trusted Window System",
	booktitle = "USENIX Security Symposium",
	month = "August",
	year = 2004
}

@misc{s05,
  author = "S. Smalley",
  note = "Personal Communication",
  month = "June",
  year = 2005
}

@inproceedings{ssl+99,
  author = "R. Spencer and S. Smalley and P. Loscocco and M. Hibler and D.
  Andersen and J. Lapreau",
  title = "The {Flask} Architecture: {System} Support for Diverse Security
  Policies",
  booktitle = "USENIX Security Symposium",
  month = "August",
  year = 1999
}

@inproceedings{stf+01,
  author = "U. Shankar and K. Talwar and J. Foster and D. Wagner",
  title = "Detecting Format String Vulnerabilities with Type Qualifiers",
  booktitle = "USENIX Security Symposium",
  month = "August",
  year = 2001
}

@inproceedings{tm99,
  author = "A. Tamches and B. P. Miller",
  title = "Fine-grained dynamic instrumentation of Commodity Operating System
  Kernels",
  booktitle = "ACM/USENIX Symposium on Operating System Design and
  Implementation",
  month = "February",
  year = 1999
}

@misc{tresys,
  key = "Tresys",
  title = "Tresys Technology, Security-enhanced {Linux} Policy Management Framework",
  note = "\url{http://sepolicy-server.sourceforge.net}"
}

@inproceedings{wfb+00,
  author = "D. Wagner and J. Foster and E. Brewer and A. Aiken",
  title = "A first step towards automated detection of buffer overrun
  vulnerabilities",
	booktitle = "Networked and Distributed Systems Security Symposium",
	month = "February",
  year = 2000
}

@misc{w96a,
  author = "D. Wiggins",
  title = "Security Extension Specification, Version 7.1, {X Consortium Inc.}",
  year = 1996
}

@misc{w96b,
  author = "D. Wiggins",
  title = "Analysis of the {X} Protocol for Security Concerns, Draft {II}, 
  {X Consortium Inc.}",
  month = "May",
  year = 1996,
  note = "Available at: \url{http://www.x.org/X11R6.8.1/docs/Xserver/analysis.pdf}"
}

@inproceedings{wcs+02,
  author = "C. Wright and C. Cowan and S. Smalley and J. Morris and G.
  Kroah-Hartman",
  title = "{Linux} Security Modules: {General} Security Support for the 
  {Linux} Kernel",
  booktitle = "USENIX Security Symposium",
  month = "August",
  year = 2002
}

@inproceedings{wd01,
  author = "D. Wagner and D. Dean",
  title = "Intrusion Detection via Static Analysis",
  booktitle = "IEEE Symposium on Security and Privacy",
  month = "May",
  year = 2001
}

@misc{x11perf,
  key = "x11perf",
  title = "\code{x11perf}: The {X11} server performance test program suite"
}

@misc{xserver,
  key = "xserver",
  title = "{The X11 Server, version X11R6.8 (X.Org Foundation)}",
}

@inproceedings{zej02,
  author = "X. Zhang and A. Edwards and T. Jaeger",
  title = "Using {CQUAL} for Static Analysis of Authorization Hook Placement",
  booktitle = "USENIX Security Symposium",
  month = "August",
  year = 2002
}

@inproceedings{zg03,
  author = "X. Zhang and R. Gupta",
  title = "Precise Dynamic Slicing Algorithms",
  booktitle = "International Conference on Software Engineering",
  month = "May",
  year = 2003
}

@inproceedings{z99, 
  author = "A. Zeller",
  title = "Isolating Cause-Effect Chains from Computer Programs",
  booktitle = "ACM Symposium on Foundations of Software Engineering",
  month = "November",
  year = 2002
}

@misc{selinux-symposium-04,
	key = "selinux-symposium-04",
	note = "\url{http://www.selinux-symposium.org/meeting.php}",
	title = "{Summary of informal \selinux\ meeting}",
	address = "Columbia, Maryland",
	year = 2004,
	month = "May",
}

