@inproceedings{ckg05,
	author = "M. Christodorescu and N. Kidd and W. Goh",
	title = "String Analysis for {x86} Binaries",
	booktitle = "6th ACM SIGPLAN-SIGSOFT Workshop on Program
	Analysis for Software Tools and Engineering (PASTE 2005)",
	month = "September",
	year = 2005
}

@inproceedings{cj03,
	author = "M. Christodorescu and S. Jha",
	title = "Static Analysis of Executables to Detect Malicious Patterns",
	booktitle = "USENIX Security Symposium",
	month = "August",
	year = 2003
}

@inproceedings{cjssb05,
	author = "M. Christodorescu and S. Jha and S. Seshia and D. Song and R.
	Bryant",
	title = "Semantics-aware Malware Detection",
	booktitle = "IEEE Symposium on Security and Privacy",
	month = "May",
	year = 2005
}

@misc{winpcap,
  title        = "{WinPcap}",
  howpublished = "\url{http://www.winpcap.org/}"
}

@misc{bleedingsnort,
  title        = "{Bleeding Edge of Snort}",
  howpublished = "\url{http://www.bleedingsnort.com/}"
}

@misc{snort,
  title        = "{Snort}",
  howpublished = "\url{http://www.snort.org}"
}

@misc{libnids,
  title        = "{LibNIDS 1.17 Win32 Port}",
  howpublished = "\url{http://www.checksum.org/}"
}

@misc{iwebbrowser2,
  title        = "{IWebBrowser2 Interface}",
  howpublished = "\url{http://msdn.microsoft.com/workshop/browser/webbrowser/reference/ifaces/iwebbrowser2/iwebbrowser2.asp}"
}

@misc{bro,
  title        = "{Bro Intrusion Detection System}",
  howpublished = "\url{http://bro-ids.org}"
}


@techreport{honeymonkey,
  title       ="Automated Web Patrol with {Strider HoneyMonkeys}: {Finding} Web Sites That Exploit Browser Vulnerabilities",
  author      ="Yi-Min Wang and Doug Beck and Xuxian Jiang and Roussi Roussev",
  institution ="Microsoft",
  type        ="Technical Report",
  number      ="MSR-TR-2005-72",
  month       = August,
  year        = 2005
}
   
@inproceedings{webtap,
  author    = "Kevin Borders and Atul Prakash", 
  title     = "{Web Tap}: {Detecting} Covert Web Traffic",
  booktitle = "11th ACM Conference on Computer and Communications Security", 
  month     = "October",
  year      = 2004
}

@misc{honeyclient,
  title        ="Honeyclient Development Project",
  howpublished ="\url{http://www.honeyclient.org/}"
}

@inproceedings{honeymonkeyNDSS06,
  author    = "Yi-Min Wang and Doug Beck and Xuxian Jiang and Roussi Roussev and Chad Verbowski and Shuo Chen and Sam King", 
  title     = "Automated Web Patrol with {Strider HoneyMonkeys}: {Finding} Web Sites That Exploit Browser Vulnerabilities",
  booktitle = "NDSS",
  month     = "February",
  year      = 2006
}

@book{CLRS,
  title     = "Introduction to Algorithms",
  author    = "Cormen, Thomas H. and Charles E. Leiserson and Ronald L. Rivest and Clifford Stein",
  year      = {2001},
  isbn      = {0-262-03293-7},
  edition   = second,
  publisher = {MIT Press},
}

@inproceedings{cox-Oakland-06,
  title     = "A Safety-Oriented Platform for Web Applications",
  author    = "Richard S. Cox and Jacob Gorm Hansen and Steven D. Gribble and Henry M. Levy",
  booktitle = "IEEE Symposium on Security and Privacy",
  month     = {May},
  year      = {2006}
}

@inproceedings{ kc03honeycomb,
  author = {Christian Kreibich and Jon Crowcroft},
  title = {{Honeycomb - Creating Intrusion Detection Signatures Using Honeypots}},
  booktitle = {Hotnets II},
  year = {2003},
  month = {November}
}

@inproceedings{WangCSraid05,
  author    = {Ke Wang and Gabriela Cretu and Salvatore J. Stolfo},
  title     = {Anomalous Payload-Based Worm Detection and Signature Generation.},
  booktitle = {RAID},
  year      = {2005},
  month     = {September},
}

@inproceedings{polygraph,
  author    = {James Newsome and Brad Karp and Dawn Xiaodong Song},
  title     = {Polygraph: Automatically Generating Signatures for Polymorphic Worms},
  booktitle = {IEEE Symposium on Security and Privacy},
  year      = {2005},
  month = {May},
}

@inproceedings{autograph,
  author    = {Hyang-Ah Kim and Brad Karp},
  title     = {Autograph: Toward Automated, Distributed Worm Signature Detection},
  booktitle = {13th USENIX Security Symposium},
  month     = {August},
  year      = {2004},
}

@inproceedings{LeitaMD05,
  author    = {Corrado Leita and Ken Mermoud and Marc Dacier},
  title     = {ScriptGen: an automated script generation tool for honeyd.},
  booktitle = {ACSAC},
  year      = {2005},
}


@inproceedings{CuiKT05,
  author    = {Weidong Cui and Randy H. Katz and Wai-tian Tan},
  title     = {Design and Implementation of an Extrusion-based Break-In
               Detector for Personal Computers.},
  booktitle = {ACSAC},
  year      = {2005},
}

