@misc{Ad-Aware,
 title="{Ad-Aware}",
 howpublished="http://www.lavasoft.de"
}

@misc{ZoneAlarm,
 title="{Zone Alarm}",
 howpublished="http://www.zonealarm.com"
}

@misc{Spybot,
 title="{Spybot Search \& Destroy}",
 howpublished="http://security.kolla.de/"
}

@misc{KaZaA,
 title="KaZaA",
 howpublished="http://www.kazaa.com"
}

@misc{Counterexploitation,
 title="Counterexploitation",
 howpublished="www.cexx.org"
}

@misc{TIME-Article,
 title="What Spies Beneath",
 howpublished="http://www.time.com/time/archive/preview/from_redirect/0,10987,1101021007-356107,00.html"
 year="2002",
 month="Oct"
}

@misc{Wired,
 title="Spyware, In a Galaxy Near You",
 howpublished="http://www.wired.com/news/technology/0,1282,49960,00.html",
 year="2002",
 month="Jan"
}

@article{ko,
    author = "Calvin Ko and George Fink and Karl Levitt",
    title = "Automated detection of vulnerabilities in privileged programs by execution monitoring",
    booktitle = "Proceedings of the 10th Annual Computer Security Applications Conference",
    publisher = "IEEE Computer Society Press",
    address = "Orlando, FL",
    pages = "134--144",
    year = "1994"
}

@article{ Spec-Mon,
    author = "P. Uppuluri and R. Sekar",
    title = "{Experiences with Specification-Based Intrusion Detection System}",
    journal = "Lecture Notes in Computer Science",
    volume = "2212",
    pages = "172--188",
    year = "2001"
}

@inproceedings{ BMSL,
    author = "R. Sekar and Y. Guang and S. Verma and T. Shanbhag",
    title = "{A High-Performance Network Intrusion Detection System}",
    booktitle = "{ACM} Conference on Computer and Communications Security",
    pages = "8-17",
    year = "1999"
}

@techreport{ Worm,
    author = "E. H. Spafford",
    title = "{The Internet Worm Program: An Analysis}",
    number = "Purdue Technical Report CSD-TR-823",
    address = "West Lafayette, IN 47907-2004",
    year = "1988"
}

@article{Virus,
    author="F. Cohen",
    title="{Computer Viruses - Theory and Experiments}",
    journal="Computers and Security",
    volume="6",
    pages="22--35",
    year="1987"
}
