@misc{Ad-Aware,
   title="{Ad-Aware}",
   howpublished="\url{http://www.lavasoft.de}"
}

@misc{aol-ncsa,
	title = "{AOL/NCSA} Online Safety Study",
	month = "October",
	year = 2004,
	howpublished = "\url{http://www.staysafeonline.info/pdf/safety_study_v04.pdf}"
}

@misc{ZoneAlarm,
   title="{Zone Alarm}",
   howpublished="\url{http://www.zonealarm.com}"
}

@misc{MS-CP,
   title="{Microsoft Client Protection}",
   howpublished="\url{http://www.microsoft.com/windowsserversystem/solutions/security/clientprotection/default.mspx}"
}
   
@inproceedings{moshchuk:ndss06,
	author = "A. Moshchuk and T. Bragin and S. D. Gribble and H. M. Levy",
	title = "A Crawler-based Study of Spyware on the Web",
	booktitle = "Networked and Distributed System Security Symposium",
	month = "February",
	year = 2006
}
	 
@misc{SSD,
  title="{Spybot Search \& Destroy}",
  howpublished="\url{http://www.safer-networking.org/}"
}

@misc{CSA,
  title="{Cisco Security Agent}",
  howpublished="\url{http://www.cisco.com/en/US/products/sw/secursw/ps5057/}"
}

@misc{CSA-2,
  title="Cisco Security Agent-Enterprise Solution for Protection Against Spyware \& Adware",
  howpublished="\url{http://www.cisco.com/en/US/products/sw/secursw/ps5057/prod\_white\_papers\_list.html}"
}
 
@misc{Real-GUID,
  title="{RealNetworks' Privacy Intrusion}",
  howpublished= "\url{http://www.junkbusters.com/real.html}"
}

@misc{MS-CHM-Exploit,
  title="{Vulnerability Note VU\#713878}",
  author="US-Cert",
  howpublished="\url{http://www.kb.cert.org/vuls/id/713878}"
}

@misc{asc05-def,
  title="Anti-{S}pyware Coalition Definitions and Supporting Documents",
  howpublished="\url{http://www.antispywarecoalition.org/documents/index.htm}"
}

@misc{asc05-risk,
  title="Anti-{S}pyware Coalition Risk Model Description",
  howpublished="\url{http://www.antispywarecoalition.org/documents/index.htm}"
}

@inproceedings{cwo+06,
	author = "J. R. Crandall and G. Wasserman and D. Oliveira and Z. Su and S. F.
	Wu and F. T. Chong",
	title = "Temporal Search: {Detecting} Hidden Malware Timebombs with Virtual
	Machines",
	booktitle = "Intl. Conf. on Architectural Support for Programming
	Languages and Operating Systems",
	month = "October",
	year = 2006
}

@misc{spyware-NewDotNet,
  title="New Net DLL",
  howpublished="\url{http://www.cexx.org/newnet.htm}"
  }

@misc{spyware-gator,
  title="Foistware / Spyware - Gator, OfferCompanion, Trickler, GAIN",
  howpublished="\url{http://www.cexx.org/gator.htm}"
}

@article{MS-IE,
  title="Keeping an Eye on Your Browser by Monitoring Internet Explorer 4.0 Events",
  author="Scott Roberts",
  journal="Microsoft Systems Journal",
  year="1998",
  month="June",
  howpublished="\url{http://www.microsoft.com/msj/0698/browser.aspx}"
}

@misc{sony-rootkit,
  title="Sony, Rootkits And Digital Rights Management Gone Too Far",
  author="Mark Russinovich",
  howpublished="\url{http://www.sysinternals.com/blog/2005/10/sony-rootkits-and-digital-rights.html}"
}

@misc{sony-schneier,
  title="Schneier on Security: {Sony's} {DRM Rootkit}: The Real Story",
  author="Bruce Schneier",
  howpublished="\url{http://www.schneier.com/blog/archives/2005/11/sonys\_drm\_rootk.html}"
}

@misc{Tippingpoint-WP,
  title="Understanding and Preventing Spyware in the Enterprise",
  howpublished="\url{http://www.tippingpoint.com/resources\_whitepapers.html}"
}

@misc{lawsuit-gator,
  title="Washingtonpost.Newsweek Interactive Company, LLC, et al. v. the Gator Corporation",
  howpublished="\url{http://cyber.law.harvard.edu/people/edelman/gator/}"
}

@misc{CWS,
  title="The CoolWebSearch Chronicles",
  howpublished="\url{http://cwshredder.net/cwshredder/cwschronicles.html}"
}

@misc{Tenebril,
  title="SpyCatcher Enterprise",
  howpublished="\url{http://www.tenebril.com/}"
}

@misc{webroot,
  title="WebRoot Software, Inc.",
  howpublished="\url{http://www.webroot.com/}"
}

@misc{Banking-Trojan,
  title="Banking Trojan disables MS Anti-Spyware",
  howpublished="\url{http://www.theregister.co.uk/2005/02/09/banking\_trojan/}"
}

@misc{pew-report,
  title="Spyware: The threat of unwanted software programs is changing the way people use the internet",
  howpublished="\url{http://www.pewinternet.org/PPF/r/160/report_display.asp}"
}

@misc{BrowserAccelerator,
  title="{ISS} X-Force Database: spyware-7search-browser-accelerator(14221)",
  author="{Internet Security Systems}",
  howpublished="\url{http://xforce.iss.net/xforce/xfdb/14221}"
}

@misc{washingtonpost,
  title       = "Invasion of the Computer Snatchers",
  author      = "Brian Krebs",
  year        = "2006",
  howpublished="\url{http://www.washingtonpost.com/wp-dyn/content/article/2006/02/14/AR2006021401342.html}"
}

@misc{testing,
  title="Anti-Spyware Testing Best Practices",
  author="Spywaretesting.org",
  howpublished="http://www.spywaretesting.org/metadot/index.pl"
}

@inproceedings{borders06oakland,
  title        = "Siren: {Detecting} Evasive Malware (Short Paper)",
  author       = "Kevin Borders and Xin Zhao and Atul Prakash",
  booktitle    = "IEEE Symposium on Security and Privacy",
  location     = "Berkeley/Oakland, CA",
  month        = "May",
  year         = "2006"
}

@inproceedings{kirda06usenix,
  title         = "Behavior-based Spyware Detection",
  author        = "Engin Kirda and Christopher Kruegel and Greg Banks and Giovanni Vigna and Richard A. Kemmerer",
  booktitle     = "15th USENIX Security Symposium",
  location      = "Vancouver, British Columbia, Canada",
  month         = "August",
  year          = "2006"
}  
