@article{schneier:attacktree,
    author    = "Bruce Schneier",
    title     = "Attack Trees",
    booktitle = "Dr. Dobb's Journal",
    publisher = "CMP",
    year      = "1999",
	month     = "December"
}

@inproceedings{Dagon:2006:MBP,
  author    = {David Dagon and Cliff Zou and Wenke Lee},
  title     = {Modeling Botnet Propagation Using Time Zones},
  booktitle = {Proceedings of the 13th Annual Network and Distributed System Security Symposium (NDSS'06)},
  year      = {2006},
  month     = {February}
}

@misc{Dagon:network,
  author    = {David Dagon},
  title     = {Botnet Detection and Response - The Network is the Infection},
  howpublished = {\url{www.caida.org/projects/oarc/200507/slides/oarc0507-Dagon.pdf}},
  booktitle = {1st DNS-OARC Workshop},
  year      = 2005
}

@misc{botnet-attack,
  title="Hackers plot to create massive botnet",
  year="2005",
  howpublished="\url{http://www.theregister.co.uk/2005/06/03/malware\_blitz/}"
}
