@INPROCEEDINGS{garfinkel:terra,
    author = "Tal Garfinkel and Ben Pfaff and Jim Chow and Mendel Rosenblum and Dan Boneh",
    title ={Terra: A Virtual Machine-Based Platform for Trusted Computing},
    booktitle = {Proceedings of the 19th {S}ymposium on {O}perating {S}ystem 
{P}rinciples({SOSP 2003})},
    month = {October},
    year = {2003},
    pages = {}
}

@INPROCEEDINGS{garfinkel:trustedhotos03,
    author = "Tal Garfinkel and Mendel Rosenblum and Dan Boneh",
    title = "Flexible OS Support and Applications for Trusted Computing",
    booktitle = {Proceedings of the 9th {W}orkshop on {H}ot {T}opics in
{O}perating {S}ystems ({HotOS-IX})},
    month = "May",
    year = "2003",
    pages = {}
}

