@inproceedings{ba98,
  author = "R. Bodik and S. Anik",
  title = "Path-sensitive value-flow analysis",
  booktitle = "ACM Symp. on the Princ. of Prog. Lang.",
  year = 1998
}

@inproceedings{rrd,
 author = {K. Butler and S. McLaughlin and P. McDaniel},
 title = {Rootkit-resistant disks},
 booktitle = {ACM Conf. on Computer and Communications Security},
 year = {2008},
}


@inproceedings{vg07,
  author = "V. Ganapathy and D. King and T. Jaeger and S. Jha",
  title = "Mining Security-Sensitive Operations in Legacy Code using Concept
  Analysis",
  booktitle = "Intl. Conf. on Software Engineering",
  year = 2007
}

@inproceedings{vg05a,
  author = "V. Ganapathy and T. Jaeger and S. Jha",
  title = "Automatic Placement of Authorization Hooks in the {Linux} Security
  Modules Framework",
  booktitle = "ACM Conf. on Computer and Communications Security",
  year = 2005
}

@inproceedings{vg05b,
  author = "V. Ganapathy and S. Seshia and S. Jha and T. Reps and R. Bryant",
  title = "Automatic Discovery of {API}-Level Exploits",
  booktitle = "Intl. Conf. on Software Engineering",
  year = 2005
}

@inproceedings{vg06a,
  author = "V. Ganapathy and T. Jaeger and S. Jha",
  title = "Retrofitting Legacy Code for Authorization Policy Enforcement",
  booktitle = "IEEE Symp. on Security and Privacy",
  year = 2006
}

@inproceedings{vg06b,
    author = "H. Wang and S. Jha and V. Ganapathy",
    title = "NetSpy: Automatically Generating Spyware Signatures for NIDS",
    booktitle = "Annual Comp. Security Appl. Conf.",
    year = 2006
}

@inproceedings{heapmd,
  author = "T. Chilimbi and V. Ganapathy",
  title = "{HeapMD}: {Identifying} Heap-based bugs using anomaly detection",
  booktitle = "Intl. Conf. on Arch. Support for Prog.
  Lang. and Operating Systems",
  year = 2006
}

@inproceedings{vg03,
  author = "V. Ganapathy and S. Jha and D. Chandler and D. Melski and D.
  Vitek",
  title = "Buffer overrun detection using linear programming and static
  analysis",
  booktitle = "ACM Conf. on Computer and Communications Security",
  year = 2003
}

@inproceedings{copilot,
  author    = {N. L. Petroni  and
               T. Fraser and
               J. Molina and
               W. A. Arbaugh},
  title     = {Copilot:  a Coprocessor-based Kernel Runtime Integrity Monitor},
  booktitle = {USENIX Security Symp.},
  year      = {2004},
}

@inproceedings{dynspec,
  author    = {N. L. Petroni and T. Fraser and A. Walters and W. A. Arbaugh},
  title     = {An Architecture for Specification-Based Detection of Semantic Integrity Violations in Kernel Dynamic Data},
  booktitle = {USENIX Security Symp.},
  year      = {2006},
}

@inproceedings{pciattack,
  author    = {J. Rutkowska},
  title     = {Beyond the {CPU}: {Defeating} Hardware based {RAM} Acquisition,
	part {I}: {AMD} case},
  booktitle = {Blackhat Conf.},
  year      = {2007},
}


@inproceedings{noncontroldataattacks,
  author    = {S. Chen and J. Xu and E. C. Sezer and P. Gauriar and
    R. K. Iyer},
  title     = {Non-Control-Data Attacks Are Realistic Threats},
  booktitle = {USENIX Security Symp.},
  year      = {2005},
}

@inproceedings{sbcfi,
 author = {N. L. Petroni and M. Hicks},
 title = {Automated detection of persistent kernel control-flow attacks},
 booktitle = {ACM Conf. on Computer and Communications Security},
 year = {2007},
 }

@inproceedings{stealthattacks,
 author = {A. Baliga and P. Kamat and L. Iftode},
 title = {Lurking in the Shadows: Identifying Systemic Threats to Kernel Data},
 booktitle = {IEEE Symp. on Security and Privacy},
 year = {2007},
}

@article{paladin,
    author = "A. Baliga and X. Chen and L. Iftode",
    title = "Automated Containment of Rootkit Attacks",
    journal = "Elsevier Computers and Security Journal",
    volume = 27,
    year = 2008,
    pages={323-334},
}

@inproceedings{vmi,
 author = "T. Garfinkel and M. Rosenblum",
 title = "A Virtual Machine Introspection Based Architecture for Intrusion Detection",
 booktitle = "Network and Distr. Systems Security Symp.",
 year = "2003",
 }

@inproceedings{gibraltar,
 author = "A. Baliga and V. Ganapathy and L. Iftode",
 title = "Automatic Inference and Enforcement of Kernel Data Structure Invariants",
 booktitle = "Annual Computer Security Appl. Conf.",
 year = "2008",
 }

@inproceedings{ghostbuster,
 author = {D. Beck and B. Vo and C. Verbowski},
 title = {Detecting Stealth Software with {Strider} {GhostBuster}},
 booktitle = {Intl. Conf. on Dependable Systems and Networks},
 year ={2005},
 }

@inproceedings{remoterepair,
    author = {A. Bohra and I. Neamtiu and P. Gallard and F. Sultan and L. Iftode},
    title = {Remote Repair of Operating System State Using Backdoors},
    journal = {Intl. Conf. on Autonomic Computing},
    year = {2004},
}

@inproceedings{backdoorwkshp,
  author = "F. Sultan and A. Bohra and I. Neamtiu and L. Iftode",
  title = "Backdoor: Nonintrusive Remote Healing using Remote Memory
  Communication",
  booktitle = "Wkshp. on Algorithms and
  Architectures for Self-Managing Systems",
  year = 2003
}


@article{backdoorrecovery,
 author = {F. Sultan and A. Bohra and S. Smaldone and Y. Pan and P. Gallard and
 I. Neamtiu and L. Iftode},
 title = {Recovering Internet Service Sessions from Operating System Failures},
 journal = {IEEE Internet Computing},
 year = {2005},
 }

@inproceedings{servicecontinuations,
    author = {F. Sultan and A. Bohra and L. Iftode},
    title = {Service Continuations: An Operating System Mechanism for Dynamic Migration of Internet Service Sessions},
    booktitle = {Symp. on Reliable Distr. Systems},
    year = {2003},
}


@inproceedings{swatt,
author = {Arvind Seshadri and Adrian Perrig and Leendert van Doorn and Pradeep Khosla},
title = {SWATT: SoftWare-based ATTestation for Embedded Devices},
booktitle ={2004 IEEE Symp. on Security and Privacy},
year = {2004},
}

@inproceedings{zhang,
 author = {X. Zhang and L. van Doorn and T. Jaeger and R. Perez and R. Sailer},
 title = {Secure coprocessor-based intrusion detection},
 booktitle = {10th ACM SIGOPS European workshop: beyond the PC},
 year = {2002},
 }

@inproceedings{genuinity,
    author = "Rick Kennell and Leah H. Jamieson",
    title = "Establishing the Genuinity of Remote Computer Systems",
    publisher={USENIX Security Symp.},
    year = "2003",
}

@inproceedings{gupta2003,
   author = {N. Gupta and Z. V. Heidepriem},
   title = {A new structural coverage criterion for dynamic detection of
	program invariants},
   booktitle = {18th Annual Intl. Conf. on Automated Software Engineering},
     year = {2003}
}

@inproceedings{gupta2003woda,
   author = {N. Gupta},
   title = {Generating test data for dynamically discovering likely program
	 invariants},
   booktitle = {Intl. Workshop on Dynamic Analysis},
     year = {2003}
}


@inproceedings{bind,
  author    = {E. Shi and
               A. Perrig and
               L. van Doorn},
  title     = {BIND: A Fine-Grained Attestation Service for Secure Distributed
               Systems.},
  booktitle = {IEEE Symp. on Security and Privacy},
  year      = {2005},
}

@inproceedings{pioneer,
  author    = {A. Seshadri and
               M. Luk and
               E. Shi and
               A. Perrig and
               L. van Doorn and
               P. K. Khosla},
  title     = {Pioneer: {Verifying} code integrity and enforcing untampered
               code execution on legacy systems.},
  booktitle = {ACM Symp. on Operating System Principles},
  year      = {2005},
}

@article{daikon,
   author = {M. D. Ernst and J. H. Perkins and P. J. Guo and
    S. McCamant and C. Pacheco and M. S. Tschantz and
    C. Xiao},
   title = {The {Daikon} system for dynamic detection of likely invariants},
   journal = {Sci. of Comp. Prog.},
   year = {2006}
}

@inproceedings{diduce,
  author = "S. Hangal and M. S. Lam",
  title = "Tracking Down Software Bugs Using Automatic Anomaly Detection",
  booktitle = "Intl. Conf. on Software Engineering",
  year = 2002,
  url = "citeseer.ist.psu.edu/hangal02tracking.html" }

@inproceedings{tripwire,
 author = {G. H. Kim and E. H. Spafford},
 title = {The design and implementation of {Tripwire}: {A} file system integrity checker},
 booktitle = {ACM Conf. on Computer and Communications Security},
 year = {1994},
 }

@inproceedings{cmp,
 author = {H. S. Lee and G. Gu and T. N. Mudge},
 title = {An Intrusion-Tolerant and Self-Recoverable Network Service System Using A Security Enhanced Chip Multiprocessor},
 booktitle = {Intl. Conf. on Automatic Computing},
 year = {2005},
}

@misc{aide,
title={Advanced Intrusion Detection Environment},
howpublished="\url{http://sourceforge.net/projects/aide}"
}

@misc{fu,
title="{F-Secure} Rootkit Information Pages: {Fu} Rootkit",
howpublished="\url{http://www.f-secure.com/v-descs/fu.shtml}"
}

@journal{ajm+06,
    author = "D. Abramson and J. Jackson and S. Muthrasanallur and G. Neiger and
    G. Regnier and R. Sankaran and I. Schoinas and R. Uhlig and B. Vembu and J.
    Weigert",
    title = "Intel Virtualization Technology for Directed I/O",
    journal = "Intel Technology Journal",
    vol = 10,
    number = 3,
    year = 2006
}

@inproceedings{bs04,
  author = "D. Brumley and D. Song",
  title = "PrivTrans: {Automatically} Partitioning Programs for Privilege
  Separation",
  booktitle = "USENIX Security Symp.",
  year = 2004
}

@misc{cms06,
    author = "J. Cache and H. D. Moore and Skape",
    title = "Exploiting 802.11 Wireless Driver Vulnerabilities on Windows",
    howpublished = "\url{http://www.uninformed.org/?v=6\&a=2\&t=sumry}"
}

@inproceedings{cxs+05,
    author = "S. Chen and J. Xu and E. C. Sezer and P. Gauriar and R. K. Iyer",
    title = "Non-Control-Data Attacks are Realistic Threats",
    booktitle = "USENIX Security Symp.",
    year = 2005
}

@inproceedings{clm+07,
  author = "S. Chong and J. Liu and A. C. Myers and X. Qi and K. Vikram and
      L. Zheng and X. Zheng",
  title = "Secure Web Applications via Automatic Partitioning",
  booktitle = "21st ACM Symp. on Operating Systems Principles",
  year = 2007
}

@inproceedings{ccz+07,
    author = "M. Costa and M. Castro and L. Zhou and L. Zhang and M. Peinado",
    title = "{Bouncer}: {Securing} Software by Blocking Bad Input",
    booktitle = "21st ACM Symp. on Operating System Principles",
    year = 2007
}

@inproceedings{kgm+07,
  author = "N. Kothari and R. Gummadi and T. Millstein and R. Govindan",
  title = "Reliable and Efficient Programming Abstractions for Wireless Sensor
      Networks",
  booktitle = "ACM SIGPLAN Conf. on Programming Language Design and
      Implementation",
  year = 2007
}

@inproceedings{pnh07,
    author = "D. Peek and E. B. Nightingale and B. D. Higgins and P. Kumar and J.
    Flinn",
    title = "Sprockets: Safe extensions for distributed file systems",
    booktitle = "2007 USENIX Annual Technical Conf.",
    year = 2007
}


@techreport{ld07,
  author = "B. Livshits and C. Ding",
  title = "Code Splitting for Network Bound {Web-2.0} Applications",
  institution = "Microsoft Research",
  number = "MSR-TR-2007-101",
  year = 2007
}

@inproceedings{pfh03,
  author = "N. Provos and M. Friedl and P. Honeyman",
  title = "Preventing Privilege Escalation",
  booktitle = "USENIX Security Symp.",
  year = 2003
}

@inproceedings{tcf+07,
    author = "L. Tan and E. M. Chan and R. Farivar and N. Mallick and J. C.
    Carlyle and F. M. David and R. C. Campbell",
    title = "Kernel: Isolating Buggy and Malicious Device Drivers Using Hardware
    Virtualization Support",
    booktitle = "IEEE Intl. Symp. on
    Dependable, Autonomic and Secure Computing",
    year = 2007
}

@inproceedings{ts02,
  author = "E. Tilevich and Y. Smaragdakis",
  title = "{J-Orchestra}: {Automatic} {Java} Application Partitioning",
  booktitle = "European Conf. on Object-Oriented Programming",
  year = 2002
}

@inproceedings{tsh05,
  author = "E. Tilevich and Y. Smaragdakis and M. Handte",
  title = "Appletizing: {Running} Legacy Java Code Remotely from a Web Browser",  booktitle = "21st IEEE Intl. Conf. on Software Maintainence",
  year = 2005
}

@inproceedings{zcm+03,
  author = "L. Zheng and S. Chong and A. C. Myers and S. Zdancewic",
  title = "Using Replication and Partitioning to Build Secure Distributed
      Systems",
  booktitle = "IEEE Symp. on Security and Privacy",
  year = 2003
}

@journal{zzn+02,
  author = "S. Zdancewic and L. Zheng and N. Nystrom and A. C. Myers",
  title = "Secure Program Partitioning",
  journal = "ACM Transactions on Computer Systems",
  volume = 20,
  number = 3,
  pages = "283--328",
  year = 2002
}

@misc{evansweimer,
    author = "D. Evans and W. Weimer",
    title = "Automatic Identification and Protection of Security-Critical Data",
    howpublished = "\url{http://www.cs.virginia.edu/critical}"
}

@misc{ksplice,
     author ="J. Arnold",
     title="Ksplice: An automatic system for rebootless {Linux} kernel security updates",
     howpublished="\url{http://web.mit.edu/ksplice/doc/ksplice.pdf}"
}

@inproceedings{liveupdate,
 author = {H. Chen and R. Chen and F. Zhang and B. Zang and P. Yew},
 title = {Live updating operating systems using virtualization},
 booktitle = {Intl. Conf. on Virtual Execution Environments},
 year = {2006},
 }

@article{shadowwalker,
     author ="S. Sparks and J. Butler",
     title="Shadow Walker",
		 journal = "Phrack Magazine",
		 volume = "\#63",
		 month = "Jan",
		 year = 2005
}


@misc{avertrep1,
  title = "Rootkits, Part 1 of 3: A Growing Threat",
  note = "MacAfee {AVERT} Labs Whitepaper",
  month = Apr,
  year = 2006
}

@misc{avertrep2,
  title = "2010 Threat Predictions",
  note = "MacAfee {AVERT} Labs Whitepaper",
  month = Dec,
  year = 2009
}

@misc{antirkt,
  title = "Anti Rootkit Software, News, Articles and Forums",
  howpublished = "\url{http://antirootkit.com}"
}

@misc{avertrep2-old,
  author = "A. Kapoor and A. Sallam",
  title = "Rootkits Part 2: {A} Technical Primer",
  note = "MacAfee {AVERT} Labs Whitepaper",
  month = Apr,
  year = 2007
}

@inproceedings{microdrivers,
  author = "V. Ganapathy and M. Renzelmann and A. Balakrishnan and M. M. Swift
  and S. Jha",
  title = "The Design and Implementation of Microdrivers",
  booktitle = "Intl. Conf. on Architectural Support for
  Programming Languages and Operating Systems",
  year = 2008
}

@inproceedings{swaddler,
  author = "M. Cova and D. Balzarotti and V. Felmetsger and G. Vigna",
  title = "Swaddler: {An} Approach for the Anomaly-based Detection of State
  Violations in Web Applications",
  booktitle = "Intl. Symp. Recent Advances in Intrusion Detection",
  year = 2007
}

@inproceedings{jwx07,
  author = "X. Jiang and X. Wang and D. Xu",
  title = "Stealthy Malware Detection Through {VMM}-based ``Out-of-the-Box''
  Semantic View Reconstruction",
  booktitle = "ACM Conf. on Computer and Communications Security",
  year = 2007
}

@inproceedings{lmbench,
 author = {L. McVoy and C. Staelin},
 title = {lmbench: Portable tools for performance analysis},
 booktitle = {USENIX Annual Technical Conf.},
 year = 1996
 }

@inproceedings{tcg,
    author = "R. Sailer and X. Zhang and T. Jaeger and L. van
    Doorn",
    title = "Design and Implementation of a {TCG}-based Integrity Measurement
    Architecture",
    booktitle = "USENIX Security Symp.",
    year = 2004
}

@inproceedings{terra,
    author = "T. Garfinkel and B. Pfaff and J. Chow and M. Rosenblum and
    D. Boneh",
    title = "Terra: A Virtual Machine-based Platform for Trusted Computing",
    booktitle = "ACM Symp. on Operating System Principles",
    year = 2003
}

@inproceedings{remotesailer,
    author = "R. Sailer and T. Jaeger and X. Zhang and L. van Doorn",
    title = "Attestation-based Policy Enforcement for Remote Access",
    booktitle = "ACM Conf. on Computer and Communications Security",
    year = 2004
}

@inproceedings{vmbr,
    author = "S. King and P. Chen and Y. Wang and C. Verblowski and
    H. J. Wang and J. R. Lorch",
    title = "SubVirt: Implementing Malware with Virtual Machines",
    booktitle = "IEEE Symp. on Security and Privacy",
    year = 2006
}

@inproceedings{krv03,
 author = {C. Kruegel and W. Robertson and G. Vigna},
 title = {Detecting Kernel-Level Rootkits Through Binary Analysis},
 booktitle = {Annual Computer Security Appl. Conf.},
 year = {2004},
}

@inproceedings{wc07,
  author    = {J. Wilhelm and
               T. Chiueh},
  title     = {A Forced Sampled Execution Approach to Kernel Rootkit Identification},
  booktitle = {Intl. Symp. Recent Advances in Intrusion Detection},
  year      = {2007},
}

@inproceedings{g06,
  author    = {J. Grizzard},
  title     = {Towards Self Healng Systems: Re-establshing Trust in Compromised Systems},
  booktitle = {Ph.D Thesis, Georgia Institute of Technology},
  year      = {2006},
}

@inproceedings{ll06,
  author    = {L. Litty and
               D. Lie},
  title     = {Manitou: a layer-below approach to fighting malware},
  booktitle = {Arch. and System Support for Improving Software Dependability},
  year      = {2006},
}

@inproceedings{gatekeeper,
 author = {Y. Wang and R. Roussev and C. Verbowski and A. Johnson and M. Wu and
 Y. Huang and S. Kuo},
 title = {Gatekeeper: Monitoring Auto-Start Extensibility Points ({ASEPs}) for Spyware Management},
 booktitle = {USENIX Conf. on System Administration},
 year = {2004},
 }

@inproceedings{cfi,
    author = "M. Abadi and M. Budiu and U. Erlingsson and J. Ligatti",
    title = "Control-Flow Integrity",
    booktitle = "ACM Conf. on Computer and Communications Security",
    year = 2005
}

@inproceedings{dsd,
    author = "C. Csallner and Y. Smaragdakis",
    title = "{DSD-Crasher}: A Hybrid Analysis Tool for Bug Finding",
    booktitle = "Intl. Symp. on Software Testing and
    Analysis",
    year = 2006
}

@inproceedings{deg+06,
    author = "B. Demsky and M. Ernst and P. Guo and S. McCamant
    and J. Perkins and M. Rinard",
    title = "Inference and Enforcement of Data Structure Consistency
    Specifications",
    booktitle = "Intl. Symp. on Software Testing and
    Analysis",
    year = 2006
}

@inproceedings{hmd03,
    author = "M. Harder and J. Mellen and M. D. Ernst",
    title = "Improving Test Suites via Operational Abstraction",
    booktitle = "Intl. Conf. on Software Engineering",
    year = 2003
}

@inproceedings{stream,
   author = "J. D. McCalpin",
   title = "Memory bandwidth and machine balance in current high performance computers",
   booktitle = "IEEE Technical Committee on Computer Architecture",
    year = "1995",
}

@inproceedings{autoises,
    author = "L. Tan and X. Zhang and X. Ma and W. Xiong and Y. Zhou",
    title  = "{AutoISES}: {A}utomatically Inferring Security Specifications and Detecting Violations",
    booktitle = "17th USENIX Security Symp. (USENIX Security '08)",
    year   = "2008",
}

@inproceedings{filewall,
    author = "S. Smaldone and A. Bohra and L. Iftode",
    title = "FileWall: {A} Firewall for Network File Systems",
    booktitle = "IEEE Intl. Symp. on Dependable, Autonomic and Secure Computing",
    year = 2007
}

@inproceedings{cloaker,
        author = {F. M. David and E. M. Chan and J. C. Carlyle and R. H. Campbell},
        title = "{Cloaker: Hardware Supported Rootkit Concealment}",
        booktitle = {IEEE Symp. on Security and Privacy},
        year = {2008}
}

@inproceedings{cil,
 author = {G. C. Necula and S. McPeak and S. Rahul and W. Weimer},
 title = {CIL: Intermediate Language and Tools for Analysis and Transformation
 of {C} Programs},
 booktitle = {Intl. Conf. on Compiler Construction},
 year = {2002},
 }

@misc{binfmt,
    author = "Shellcode Security Research Team",
    title = "Registration Weakness in {Linux} Kernel's Binary formats:
		Polluting \texttt{sys\_execve} in kernel space without depending on the
		\texttt{sys\_call\_table}",
    howpublished="\url{http://goodfellas.shellcode.com.ar/own/binfmt-en.pdf}",
    year = 2006
}

@misc{iozone,
    author = "W. Norcott",
    title = "{IOzone} Filesystem benchmark",
    howpublished = "\url{http://www.iozone.org}",
    year="2001"
}

@misc{myrinetcard,
    title = "Myricom: Pioneering High Performance Computing",
    howpublished = "\url{http://www.myri.com}"
}

@misc{rootkitsite,
    title = "Packet Storm",
    howpublished = "\url{http://packetstormsecurity.org/UNIX/penetration/rootkits}"
}

@misc{adore,
    title = "Adore-0.42 Rootkit",
    howpublished = "\url{http://packetstormsecurity.org/UNIX/penetration/rootkits}"
}

@misc{enyelkm,
    title = "Enyelkm",
    howpublished = "\url{http://packetstormsecurity.org/UNIX/penetration/rootkits}"
}

@misc{enyelkm,
    title = "Enyelkm",
    howpublished = "\url{http://packetstormsecurity.org/UNIX/penetration/rootkits}"
}

@misc{kbdv3,
    title = "Kbd v3",
    howpublished = "\url{http://packetstormsecurity.org/UNIX/penetration/rootkits}"
}

@misc{knark,
    title = "Knark-2.4.3",
    howpublished = "\url{http://packetstormsecurity.org/UNIX/penetration/rootkits}"
}

@misc{linspy,
    title = "Linspy 2",
    howpublished = "\url{http://packetstormsecurity.org/UNIX/penetration/rootkits}"
}

@misc{modhide,
    title = "Modhide",
    howpublished = "\url{http://packetstormsecurity.org/UNIX/penetration/rootkits}"
}

@misc{maxty,
    title = "Maxty",
    howpublished = "\url{http://packetstormsecurity.org/UNIX/penetration/rootkits}"
}

@misc{moodnt,
    title = "Mood-nt",
    howpublished = "\url{http://packetstormsecurity.org/UNIX/penetration/rootkits}"
}

@misc{phide,
    title = "Phide",
    howpublished = "\url{http://packetstormsecurity.org/UNIX/penetration/rootkits}"
}

@misc{phantasmagoria,
    title = "Phantasmagoria",
    howpublished = "\url{http://packetstormsecurity.org/UNIX/penetration/rootkits}"
}

@misc{rial,
    title = "Rial",
    howpublished = "\url{http://packetstormsecurity.org/UNIX/penetration/rootkits}"
}

@misc{rkit,
    title = "Rkit 1.01",
    howpublished = "\url{http://packetstormsecurity.org/UNIX/penetration/rootkits}"
}

@article{suckit,
    title = "{Linux} on-the-fly kernel patching without {LKM}: {SucKIT} rootkit",
    author = "``sd'' and ``devik''",
		journal = "Phrack Magazine",
		volume = "\#58",
		month = "Dec",
		year = "2001"
}

@misc{superkit,
    title = "Superkit",
    howpublished = "\url{http://packetstormsecurity.org/UNIX/penetration/rootkits}"
}

@misc{synapsys,
    title = "Synapsys",
    howpublished = "\url{http://packetstormsecurity.org/UNIX/penetration/rootkits}"
}

@misc{taskigt,
    title = "Taskigt",
    howpublished = "\url{http://packetstormsecurity.org/UNIX/penetration/rootkits}"
}

@misc{rootkitrevealer,
	author = "B. Cogswell and M. Russinovich",
    title ="{RootkitRevealer} v1.71: {Rootkit} Detection Tool by {Microsoft}",
}


@misc{chkrootkit,
    title="Chkrootkit: Locally checks for rootkits",
    howpublished="\url{http://www.chkrootkit.org}"
}

@inproceedings{hookmap,
  author = "Z. Wang and X. Jiang and W. Cui and X. Wang",
  title = "Countering Persistent Kernel Rootkits Through Systematic Hook
  Discovery",
  booktitle = "Intl. Symp. on Recent Advances in Intrusion
  Detection",
  year = 2008
}

@inproceedings{hookfinder,
  author = "H. Yin and Z. Liang and D. Song",
  title = "HookFinder: Identifying and Understanding Malware Hooking Behaviors",
  booktitle = "Network and Distr. System Security Symp.",
  year = 2008
}

@inproceedings{nickle,
  author = "R. Riley and X. Jiang and D. Xu",
  title = "Guest-Transparent Prevention of Kernel Rootkits with {VMM}-based
  Memory Shadowing",
  booktitle = "Intl. Symp. on Recent Advances in Intrusion
  Detection",
  year = 2008
}

@inproceedings{vici,
    author = "T. Fraser and M. R. Evenson and W. A. Arbaugh",
    title = "{VICI}: Virtual Machine Introspection for Cognitive Immunity",
    booktitle = "Annual Computer Security Appl. Conf.",
    year = 2008
}

@inproceedings{laika,
    author = "A. Cozzie and F. Stratton and H. Xue and S. King",
    title = "Digging for Data Structures",
    booktitle = "ACM/USENIX Symp. Operating System Design and Impl.",
    year =2008
}

@inproceedings{transient,
    author = "J. Wei and B. Payne and J. Giffin and C. Pu",
    title = "Soft-timer driven transient kernel control flow attacks and
    defense",
    booktitle = "Annual Computer Security Appl. Conf.",
    year =2008
}

@inproceedings{perkins09sosp,
	author = "J. Perkins and S. Kim and S. Larsen and S. Amarasinghe and 
  J. Bachrach and M. Carbin and C. Pacheco and F. Sherwood and S. Sidiroglou
  and G. Sullivan and W. Wong and Y. Zibin and M. D. Ernst and M. Rinard",
	title = "Automatically patching errors in deployed software",
	booktitle = "ACM Symp. on Operating System Principles",
	year = 2009
}

@inproceedings{assure,
	title = "{ASSURE}: {Automatic} Software Self-Healing using Rescue Points",
	author = "S. Sidiroglou and O. Laadan and N. Viennot and C. Perez and A.
	Keromytis and J. Neih",
	booktitle = "Intl. Conf. on Arch. Support for Prog. Lang. and Operating Systems",
	year = 2009
}

@inproceedings{hooksafe,
	title = "Countering Kernel Rootkits with Lightweight Hook Protection",
	author = "Z. Wang and X. Jiang and W. Cui and P. Ning",
	booktitle = "ACM Conf. on Computer and Communications Security",
	year = 2009
}

@inproceedings{kop,
	author = "M. Carbone and W. Cui and L. Lu and W. Lee and M. Peinado and X.
	Jiang",
	title = "Mapping Kernel Objects to Enable Systematic Integrity Checking",
	booktitle = "ACM Conf. on Computer and Communications Security",
	year = 2009
}	

@inproceedings{klee,
	author = "C. Cadar and D. Dunbar and D. Engler",
	title = "{KLEE}: {Unassisted} and Automatic Generation of High-Coverage Tests
	for Complex Systems Programs",
	booktitle = "USENIX/ACM Symp. on Operating System Design and Impl.",
	year = 2008
}

@techreport{collections,
	author = "M. D. Ernst and W. G. Griswold and Y. Kataoka and D. Notkin",
	title = "Dynamically Discovering Program Invariants Involving Collections",
	institution = "University of Washington",
	number = "UW-CSE-99-11-02",
	year = 2000
}
