@inproceedings{controlling_data_cloud,
 author = {Chow, Richard and Golle, Philippe and Jakobsson, Markus and Shi, Elaine and Staddon, Jessica and Masuoka, Ryusuke and Molina, Jesus},
 title ="{Controlling Data in the Cloud: Outsourcing Computation without Outsourcing Control}",
 booktitle = {Proceedings of the 2009 ACM workshop on Cloud computing security},
 series = {CCSW '09},
 year = {2009},
 isbn = {978-1-60558-784-4},
 location = {Chicago, Illinois, USA},
 pages = {85--90},
 numpages = {6},
 url = {http://doi.acm.org/10.1145/1655008.1655020},
 doi = {http://doi.acm.org/10.1145/1655008.1655020},
 acmid = {1655020},
 publisher = {ACM},
 address = {New York, NY, USA},
 keywords = {cloud computing, privacy, security},
} 

@article{sec_prive_cloud_challenges,
author = {Hassan Takabi and James B.D. Joshi and Gail-Joon Ahn},
title = "{Security and Privacy Challenges in Cloud Computing Environments}",
journal ={IEEE Security and Privacy},
volume = {8},
issn = {1540-7993},
year = {2010},
pages = {24-31},
doi = {http://doi.ieeecomputersociety.org/10.1109/MSP.2010.186},
publisher = {IEEE Computer Society},
address = {Los Alamitos, CA, USA},
}

@misc{sec_prive_cloud_challenges2,
author = {Paula J. Bruening and Bridget C. Tracy},
note = "\url{http://www.hunton.com/files/tbl_s47Details/FileUpload265/2488/CloudComputing_Bruening-Treacy.pdf}"
}
 
@inproceedings{kp-abe,
 author = {Goyal, Vipul and Pandey, Omkant and Sahai, Amit and Waters, Brent},
 title = {Attribute-based encryption for fine-grained access control of encrypted data},
 booktitle = {Proceedings of the 13th ACM conference on Computer and communications security},
 series = {CCS '06},
 year = {2006},
 isbn = {1-59593-518-5},
 location = {Alexandria, Virginia, USA},
 pages = {89--98},
 numpages = {10},
 url = {http://doi.acm.org/10.1145/1180405.1180418},
 doi = {http://doi.acm.org/10.1145/1180405.1180418},
 acmid = {1180418},
 publisher = {ACM},
 address = {New York, NY, USA},
 keywords = {access control, attribute-based encryption, audit logs, broadcast encryption, delegation, hierarchical identity-based encryption},
} 



@misc{cloud-security-alliance-report,
title = "{Security Guidance for Critical Areas of Focus in Cloud Computing}",
note = "\url{http://www.cloudsecurityalliance.org/guidance/csaguide.pdf}"
}


@inproceedings{cryptree,
 author = {Grolimund, Dominik and Meisser, Luzius and Schmid, Stefan and Wattenhofer, Roger},
 title = {Cryptree: A Folder Tree Structure for Cryptographic File Systems},
 booktitle = {Proceedings of the 25th IEEE Symposium on Reliable Distributed Systems},
 year = {2006},
 isbn = {0-7695-2677-2},
 pages = {189--198},
 numpages = {10},
 url = {http://portal.acm.org/citation.cfm?id=1173705.1174355},
 doi = {10.1109/SRDS.2006.15},
 acmid = {1174355},
 publisher = {IEEE Computer Society},
 address = {Washington, DC, USA},
} 


@MISC{key-hier-acl,
    author = {Marina Blanton},
    title = "{Key Management in Hierarchical Access Control Systems}",
    note = {PhD Thesis, Purdue University, Aug. 2007},
    year = {2007}
}

@MISC{Blanton07keymanagement,
    author = {Marina Blanton},
    title = {Key Management in Hierarchical Access Control Systems},
    year = {2007}
}

@INPROCEEDINGS{secure-key-update-lazy,
    author = {Michael Backes and Christian Cachin and Alina Oprea},
    title = "{Secure Key-Updating for Lazy Revocation}",
    booktitle = {Research Report RZ 3627, IBM Research},
    year = {2005},
    pages = {327--346},
    publisher = {Springer}
}

@INPROCEEDINGS{dynamic-eff-hier,
    author = {Marina Blanton and Nelly Fazio and Keith B. Frikken},
    title = "{Dynamic and Efficient Key Management for Access Hierarchies}",
    booktitle = {Proceedings of the ACM Conference on Computer and Communications Security},
    year = {2005}
}



@misc{simpledb,
title = "{Amazon SimpleDB }",
note = "\url{http://aws.amazon.com/simpledb/}"
}



@misc{bihe,
title = "{BIHE }",
note = "\url{http://bihe.org/}"
}

@misc{s3,
title = "{Amazon S3 }",
note = "\url{http://aws.amazon.com/s3/}"
}


@misc{azure,
title = "{SQL Data Services/Azure Services Platform}",
note = "\url{http://www.microsoft.com/azure/data.mspx}"
}

@misc{appengine,
title = "{Google App Engine}",
note = "\url{http://appengine.google.com}"
}

@INPROCEEDINGS{bigtable,
    author = {Fay Chang and Jeffrey Dean and Sanjay Ghemawat and Wilson C. Hsieh and Deborah A. Wallach and Mike Burrows and Tushar Chandra and Andrew Fikes and Robert E. Gruber},
    title = "{Bigtable: A distributed storage system for structured data}",
    booktitle = {Proceedings of the 7th symposium on Operating systems design and implementation - volume 7},
    year = {2006},
    pages = {205--218},
    publisher = {}
}

@misc{yql,
title = "{Yahoo! Query Language}",
note = "\url{http://developer.yahoo.com/yql}"
}

@inproceedings{pnuts,
    author = {Brian F. Cooper and Raghu Ramakrishnan and Utkarsh Srivastava and Adam Silberstein and Philip Bohannon and Hans-arno Jacobsen and Nick Puz and Daniel Weaver and Ramana Yerneni},
    title = "{PNUTS: Yahoo!â€™s hosted data serving platform}",
    booktitle = {VLDB},
    year = {2008}
}

@TECHREPORT{k2ctechreport,
    author = {Saman Zarandioon and Danfeng Yao and Vinod Ganapathy},
    title = "{K2C: Cryptographic Cloud Storage With Lazy Revocation and Anonymous Access}",
    institution = {Rutgers University},
    note="{DCS-tr-688}"
    year = {2011}
}


@inproceedings{forward,
 author = {Canetti, Ran and Halevi, Shai and Katz, Jonathan},
 title = {A forward-secure public-key encryption scheme},
 booktitle = {Proceedings of the 22nd international conference on Theory and applications of cryptographic techniques},
 series = {EUROCRYPT'03},
 year = {2003},
 isbn = {3-540-14039-5},
 location = {Warsaw, Poland},
 pages = {255--271},
 numpages = {17},
 url = {http://portal.acm.org/citation.cfm?id=1766171.1766193},
 acmid = {1766193},
 publisher = {Springer-Verlag},
 address = {Berlin, Heidelberg},
 keywords = {bilinear Diffie-Hellman, encryption, forward security, key exposure},
} 

@INPROCEEDINGS{chosen,
    author = {Dan Boneh and Ran Canetti and Shai Halevi and Jonathan Katz},
    title = {Chosen-ciphertext security from identity-based encryption},
    booktitle = {},
    year = {2004},
    pages = {207--222},
    publisher = {Springer-Verlag}
}

@MISC{selective-id,
    author = {Dan Boneh and Xavier Boyen},
    title = {Efficient Selective-ID Secure Identity Based Encryption without Random Oracles},
    year = {2004}
}

@article{weil,
 author = {Boneh, Dan and Franklin, Matthew},
 title = {Identity-Based Encryption from the {Weil} Pairing},
 journal = {SIAM J. Comput.},
 volume = {32},
 issue = {3},
 month = {March},
 year = {2003},
 issn = {0097-5397},
 pages = {586--615},
 numpages = {30},
 url = {http://portal.acm.org/citation.cfm?id=639069.639089},
 doi = {10.1137/S0097539701398521},
 acmid = {639089},
 publisher = {Society for Industrial and Applied Mathematics},
 address = {Philadelphia, PA, USA},
 keywords = {Tate pairing, Weil pairing, bilinear maps, elliptic curve cryptography, escrow ElGamal, identity-based encryption},
} 

@INPROCEEDINGS{quadratic,
    author = {Clifford Cocks},
    title = {An identity based encryption scheme based on quadratic residues},
    booktitle = {In IMA Int. Conf},
    year = {2001},
    pages = {360--363},
    publisher = {Springer-Verlag}
}

@inproceedings{id-shamir,
 author = {Shamir, Adi},
 title = {Identity-based cryptosystems and signature schemes},
 booktitle = {Proceedings of CRYPTO 84 on Advances in cryptology},
 year = {1985},
 isbn = {0-387-15658-5},
 location = {Santa Barbara, California, United States},
 pages = {47--53},
 numpages = {7},
 url = {http://portal.acm.org/citation.cfm?id=19478.19483},
 acmid = {19483},
 publisher = {Springer-Verlag New York, Inc.},
 address = {New York, NY, USA},
} 


@inproceedings{ctabe,
 author = {Bethencourt, John and Sahai, Amit and Waters, Brent},
 title = {Ciphertext-Policy Attribute-Based Encryption},
 booktitle = {Proceedings of the 2007 IEEE Symposium on Security and Privacy},
 series = {SP '07},
 year = {2007},
 isbn = {0-7695-2848-1},
 pages = {321--334},
 numpages = {14},
 url = {http://dx.doi.org/10.1109/SP.2007.11},
 doi = {http://dx.doi.org/10.1109/SP.2007.11},
 acmid = {1264219},
 publisher = {IEEE Computer Society},
 address = {Washington, DC, USA},
} 
@inproceedings{hibe2,
 author = {Horwitz, Jeremy and Lynn, Ben},
 title = {Toward Hierarchical Identity-Based Encryption},
 booktitle = {Proceedings of the International Conference on the Theory and Applications of Cryptographic Techniques: Advances in Cryptology},
 series = {EUROCRYPT '02},
 year = {2002},
 isbn = {3-540-43553-0},
 pages = {466--481},
 numpages = {16},
 url = {http://portal.acm.org/citation.cfm?id=647087.715830},
 acmid = {715830},
 publisher = {Springer-Verlag},
 address = {London, UK, UK},
} 

@inproceedings{hibe,
  author    = {Craig Gentry and
               Alice Silverberg},
  title     = {Hierarchical {ID}-Based Cryptography},
  booktitle = {ASIACRYPT},
  year      = {2002},
  pages     = {548-566},
  ee        = {http://link.springer.de/link/service/series/0558/bibs/2501/25010548.htm},
  bibsource = {DBLP, http://dblp.uni-trier.de}
}

@misc{cpabe-imp,
title = "{Open Source Implementation of CP-ABE}",
note = "\url{http://acsc.cs.utexas.edu/cpabe/}"
}

@inproceedings{cpabe,
 author = {Bethencourt, John and Sahai, Amit and Waters, Brent},
 title = {Ciphertext-Policy Attribute-Based Encryption},
 booktitle = {Proceedings of the 2007 IEEE Symposium on Security and Privacy},
 series = {SP '07},
 year = {2007},
 isbn = {0-7695-2848-1},
 pages = {321--334},
 numpages = {14},
 url = {http://dx.doi.org/10.1109/SP.2007.11},
 doi = {http://dx.doi.org/10.1109/SP.2007.11},
 acmid = {1264219},
 publisher = {IEEE Computer Society},
 address = {Washington, DC, USA},
} 

@inproceedings{randomoracel,
 author = {Bellare, Mihir and Rogaway, Phillip},
 title = {Random oracles are practical: a paradigm for designing efficient protocols},
 booktitle = {Proceedings of the 1st ACM conference on Computer and communications security},
 series = {CCS '93},
 year = {1993},
 isbn = {0-89791-629-8},
 location = {Fairfax, Virginia, United States},
 pages = {62--73},
 numpages = {12},
 url = {http://doi.acm.org/10.1145/168588.168596},
 doi = {http://doi.acm.org/10.1145/168588.168596},
 acmid = {168596},
 publisher = {ACM}
} 


@misc{jsexp,
title = "{Lisp S-expression parser}",
note = "\url{http://sourceforge.net/projects/jsexp}"
}

@misc{jpbc,
title = "{jPBC}",
note = "\url{http://gas.dia.unisa.it/projects/jpbc}"
}


@incollection{aes,
  author    = {Joan Daemen and
               Vincent Rijmen},
  title     = {Rijndael/AES},
  booktitle = {Encyclopedia of Cryptography and Security},
  year      = {2005},
  ee        = {http://dx.doi.org/10.1007/0-387-23483-7_358},
  bibsource = {DBLP, http://dblp.uni-trier.de}
}

@misc{openjdk,
title = "{OpenJDK}",
note = "\url{http://openjdk.java.net}"
}

@misc{juice,
title = "{Google Juice}",
note = "\url{http://code.google.com/p/google-guice/}"
}

@misc{hibe-lib,
title = "{HIBE Crypto Library}",
note = "\url{https://sourceforge.net/projects/hibe}"
}


@misc{kp-abe-lib,
title = "{KP-ABE Crypto Library}",
note = "\url{https://sourceforge.net/projects/kpabe}"
}


@misc{k2c,
title = "{K2C Framework}",
note = "\url{https://sourceforge.net/projects/key2cloud/}"
}


@article{multi-tenancy,
 author = {Calero, Jose M.  Alcaraz and Edwards, Nigel and Kirschnick, Johannes and Wilcock, Lawrence and Wray, Mike},
 title = {Toward a Multi-Tenancy Authorization System for Cloud Services},
 journal = {IEEE Security and Privacy},
 issue_date = {November 2010},
 volume = {8},
 issue = {6},
 month = {November},
 year = {2010},
 issn = {1540-7993},
 pages = {48--55},
 numpages = {8},
 url = {http://dx.doi.org/10.1109/MSP.2010.194},
 doi = {http://dx.doi.org/10.1109/MSP.2010.194},
 acmid = {1920064},
 publisher = {IEEE Educational Activities Department},
 address = {Piscataway, NJ, USA},
 keywords = {Cloud computing, security, privacy, authorization, role-based access control, hierarchical RBAC},
} 

@article{ibe-weil,
 author = {Boneh, Dan and Franklin, Matthew},
 title = {Identity-Based Encryption from the Weil Pairing},
 journal = {SIAM J. Comput.},
 volume = {32},
 issue = {3},
 month = {March},
 year = {2003},
 issn = {0097-5397},
 pages = {586--615},
 numpages = {30},
 url = {http://portal.acm.org/citation.cfm?id=639069.639089},
 doi = {10.1137/S0097539701398521},
 acmid = {639089},
 publisher = {Society for Industrial and Applied Mathematics},
 address = {Philadelphia, PA, USA},
 keywords = {Tate pairing, Weil pairing, bilinear maps, elliptic curve cryptography, escrow ElGamal, identity-based encryption},
} 

@article{multitenancy,
author = {Jose M. Alcaraz Calero and Nigel Edwards and Johannes Kirschnick and Lawrence Wilcock and Mike Wray},
title = {Toward a Multi-Tenancy Authorization System for Cloud Services},
journal ={IEEE Security and Privacy},
volume = {8},
issn = {1540-7993},
year = {2010},
pages = {48-55},
doi = {http://doi.ieeecomputersociety.org/10.1109/MSP.2010.194},
publisher = {IEEE Computer Society},
address = {Los Alamitos, CA, USA},
}

@misc{hippa,
title = "{104th United States Congress}",
note = "Health Insurance Portability and Accountability
Act of 1996 (HIPPA), \url{http://aspe.hhs.gov/admnsimp/pl104191.htm}"
}

@inproceedings{aclwenjing,
 author = {Yu, Shucheng and Wang, Cong and Ren, Kui and Lou, Wenjing},
 title = {Achieving secure, scalable, and fine-grained data access control in cloud computing},
 booktitle = {Proceedings of the 29th conference on Information communications},
 series = {INFOCOM'10},
 year = {2010},
 isbn = {978-1-4244-5836-3},
 location = {San Diego, California, USA},
 pages = {534--542},
 numpages = {9},
 url = {http://portal.acm.org/citation.cfm?id=1833515.1833621},
 acmid = {1833621},
 publisher = {IEEE Press},
 address = {Piscataway, NJ, USA},
} 

@inproceedings{verifiability-dynamics,
 author = {Wang, Qian and Wang, Cong and Li, Jin and Ren, Kui and Lou, Wenjing},
 title = {Enabling public verifiability and data dynamics for storage security in cloud computing},
 booktitle = {Proceedings of the 14th European conference on Research in computer security},
 series = {ESORICS'09},
 year = {2009},
 isbn = {3-642-04443-3, 978-3-642-04443-4},
 location = {Saint-Malo, France},
 pages = {355--370},
 numpages = {16},
 url = {http://portal.acm.org/citation.cfm?id=1813084.1813114},
 acmid = {1813114},
 publisher = {Springer-Verlag},
 address = {Berlin, Heidelberg},
} 

@MISC{plutus,
    author = {Mahesh Kallahalla and Erik Riedel and Ram Swaminathan and Qian Wang and Kevin Fu},
    title = {Plutus: Scalable secure file sharing on untrusted storage},
    year = {2003}
}

@INPROCEEDINGS{sirius,
    author = {Eu-jin Goh and Hovav Shacham and Nagendra Modadugu and Dan Boneh},
    title = {Sirius: Securing remote untrusted storage},
    booktitle = {NDSS},
    year = {2003},
    pages = {131--145}
}

@INPROCEEDINGS{proxy-re-encryption,
    author = {Giuseppe Ateniese and Kevin Fu and Matthew Green and Susan Hohenberger},
    title = {Improved proxy re-encryption schemes with applications to secure distributed storage},
    booktitle = {NDSS},
    year = {2005},
    pages = {29--43},
    publisher = {}
}

@inproceedings{over-encryption,
 author = {di Vimercati, Sabrina De Capitani and Foresti, Sara and Jajodia, Sushil and Paraboschi, Stefano and Samarati, Pierangela},
 title = {Over-encryption: management of access control evolution on outsourced data},
 booktitle = {Proceedings of the 33rd international conference on Very large data bases},
 series = {VLDB '07},
 year = {2007},
 isbn = {978-1-59593-649-3},
 location = {Vienna, Austria},
 pages = {123--134},
 numpages = {12},
 url = {http://portal.acm.org/citation.cfm?id=1325851.1325869},
 acmid = {1325869},
 publisher = {VLDB Endowment},
} 

@TECHREPORT{group-sharing,
    author = {Kevin Fu},
    title = {Group Sharing and Random Access in Cryptographic Storage File Systems},
    institution = {Masterâ€™s thesis, MIT},
    year = {1999}
}


@inproceedings{framework-storage,
 author = {Riedel, Erik and Kallahalla, Mahesh and Swaminathan, Ram},
 title = {A Framework for Evaluating Storage System Security},
 booktitle = {Proceedings of the 1st USENIX Conference on File and Storage Technologies},
 series = {FAST '02},
 year = {2002},
 location = {Monterey, CA},
 articleno = {2},
 url = {http://portal.acm.org/citation.cfm?id=1083323.1083326},
 acmid = {1083326},
 publisher = {USENIX Association},
 address = {Berkeley, CA, USA},
} 

@inproceedings{survey-ecryption,
    author = {Paul Stanton and William Yurcik and Larry Brumbaugh},
    title = {Protecting Multimedia Data in Storage: A Survey of Techniques Emphasizing Encryption},
    booktitle = {IS and T/SPIE International Symposium Electronic Imaging / Storage and Retrieval Methods and Applications for Multimedia},
    year = {2005},
    pages = {18--29}
}

@INPROCEEDINGS{keyregression,
    author = {Kevin Fu and Seny Kamara and Tadayoshi Kohno},
    title = {Key Regression: Enabling Efficient Key Distribution for Secure Distributed Storage},
    booktitle = {NDSS},
    year = {2006}
}

@INPROCEEDINGS{pre,
    author = {Matt Blaze and Gerrit Bleumer and Martin Strauss},
    title = {Divertible protocols and atomic proxy cryptography},
    booktitle = {EUROCRYPT},
    year = {1998},
    pages = {127--144},
    publisher = {Springer-Verlag}
}

@inproceedings{cloudseal,
author = {Huijun Xiong and Xinwen Zhang and Wei Zhu and Danfeng Yao},
title = {Cloud{S}eal:{E}nd-to-{E}nd {C}ontent {P}rotection in {C}loud-based Storage and Delivery Services},
booktitle = {Securecomm},
year = {2011}
}
