@inproceedings{ssc:ccs12,
	author = "S. Butt and A. Lagar-Cavilla and A. Srivastava and V. Ganapathy",
	title = "Self-service Cloud Computing",
	booktitle = "ACM Conference on Computer and Communications Security (CCS)",
	year = 2012
}

@inproceedings{heyyou:ccs09,
	title = "Hey, You, Get Off of My Cloud: {Exploring} Information Leakage in Third-Party
	Compute Clouds",
	author = "T. Ristenpart and E. Tromer and H. Shacham and S. Savage",
	booktitle = "ACM Conference on Computer and Communications Security (CCS)",
	year = 2009
}

@inproceedings{crossvm:ccs12,
	title = "{Cross-VM} Side Channels and Their Use to Extract Private Keys",
	author = "Y. Zhang and A. Juels and M. Reiter and T. Ristenpart",
	booktitle = "ACM Conference on Computer and Communications Security (CCS)",
	year = 2012

}

@inproceedings{resfree:ccs12,
	title = "Resource-freeing Attacks: Improve Your Cloud Performance (at Your Neighbor's
Expense)",
	author = "V. Varadarajan and T. Kooburat and B. Farley and T. Ristenpart 
and M. Swift",
	booktitle = "ACM Conference on Computer and Communications Security (CCS)",
	year = 2012
}

@inproceedings{perfhet:socc12,
	title = "More for Your Money: Exploiting Performance Heterogeneity in Public
	Clouds",
	author = "B. Farley and V. Varadarajan and K. Bowers and A. Juels and T.
Ristenpart and M. Swift",
  booktitle = "ACM Symposium on Cloud Computing (SOCC)",
	year = 2012
}

@inproceedings{homealone:oak11,
	title = "HomeAlone: Co-residency detection in the cloud",
	author = "Y. Zhang and A. Juels and A. Oprea and M. K. Reiter",
	booktitle = "IEEE Symposium on Security and Privacy",
	year = 2011
}

@inproceedings{pace:infocom13,
	title = "{PACE}: {Policy}-Aware Application Cloud Embedding",
	author = "L. E. Li and V. Liaghat and H. Zhao and M. Hajiaghayi and D. Li and
	G. Wilfong and Y. R. Yang and C. Guo",
	booktitle = "IEEE INFOCOM Conference",
	year = 2013
}

@inproceedings{ethane:sigcomm07,
	title = "Ethane: Taking Control of the Enterprise",
	author = "M. Casado and M. Freedman and J. Luo and N. McKeown
	and S. Shenker",
	booktitle = "ACM SIGCOMM Conference",
	year = 2007
}

@article{greenlagh:ccr09,
	title = "Flow Processing and the Rise of Commodity Network Hardware",
	author = "A. Greenlagh and M. Handley and M. Hoerdt and F. Huici and L. Mathy
	and P. Papadimitriou",
	journal = "ACM CCR",
	year = 2009
}

@inproceedings{simple:sigcomm13,
	title = "{SIMPLE}-fying Middlebox Policy Enforcement using {SDN}",
	author = "Z. Qazi and C. Tu and L. Chiang and R. Miao and V. Sekar and M.
	Yu",
	booktitle = "ACM SIGCOMM Conference",
	year  = 2013
}

@inproceedings{caas:acns13,
  author = "S. Bleikertz and S. Bugiel and H. Ideler and S. Nurnberger and A. Sadeghi",
  title = "Client-Controlled Cryptography-as-a-Service in the Cloud",
  booktitle = "Applied Cryptography and Network Security Conf.",
	year = 2013
}

@misc{xen:bidirectional:30Jul2013,
	author = "S. Butt",
	title = "[{Xen-devel}] {Bidirectional} network throughput for netback",
	note = "\url{http://lists.xen.org/archives/html/xen-devel/2013-07/msg02709.html}",
	month = "July",
	year = 2013
}

@misc{xen:bidirectional:30Jul2013-anon,
  key = "lists.xen.org",
	note = "A URL pointing to our discussion with the Xen
	developers on \url{lists.xen.org}, not provided here 
	for anonymity. Please contact us via the PC chair to obtain
	the URL"
}

@inproceedings{cloudapp:ccsw12,
	author = "A. Srivastava and V. Ganapathy",
	title = "Towards a richer model for Cloud App Markets",
	booktitle = "ACM Cloud Comp. Security Wkshp.",
	year = 2012
}

@misc{intel:sgx,
	title = "Intel {Software Guard Extensions Programming Reference}",
	note = "Publication number 329298-001US",
	howpublished =
	"\url{http://software.intel.com/sites/default/files/329298-001.pdf}",
	month = "September",
	year = 2013
}

@inproceedings{infocom14,
	author = "X. Li and J. Wi and S. Tang and S. Lu",
	title = "Let's stay together: {Towards} traffic-aware virtual machine
	placement in data centers",
	booktitle = "IEEE INFOCOM Conference",
	year = 2014
}

@inproceedings{infocom12,
	author = "J. W. Jiang and T. Lan and S. Ha and M. Chen and M. Chiang",
	title = "Joint {VM} placement and routing for data center traffic engineering",
	booktitle = "IEEE INFOCOM Conference",
	year  = 2012
}

@inproceedings{infocom11,
	author = "V. Shrivastava and P. Zerfos and K-W. Lee and H. Jamjoom and Y-H. Liu 
	and S. Banerjee",
	title = "Application-aware virtual machine migration in data centers",
	booktitle = "IEEE INFOCOM Conference",
	year = 2011
}
