@inproceedings{vespa:raid08,
	author = "N. Schear and D. R. Albrecht and N. Borisov",
	title = "High-speed Matching of Vulnerability Signatures",
	series = {Lecture Notes in Computer Science},
  volume = 5230,
  booktitle = "Lippman, R., Kirda, E., Trachtenberg, A., (eds.) RAID 2008",
  pages     = "155--174",
  publisher = {Springer},
  year = 2008
}

@misc{sigsets,
  author = "L. Yang and R. Karim and V. Ganapathy and R. Smith",
  title = "{Signatures referenced in \sectref{section:evaluation:numbers} and 
  \sectref{section:multibyte}}",
  note = "Available at
  \url{http://www.cs.rutgers.edu/~vinodg/papers/raid2010}",
  year = 2010
}


@inproceedings{raid10,
  author = "L. Yang and R. Karim and V. Ganapathy and R. Smith",
  title = "{Improving NFA-based Signature Matching using Ordered Binary
	Decision Diagrams}",
	booktitle = "Intl. Symposium on Recent Advances in Intrusion Detection",
	month = Sep,
  year = 2010
}


@inproceedings{bc07,
  author = "M. Becchi and P. Crowley",
  title = "An Improved Algorithm to Accelerate Regular Expression Evaluation",
  booktitle = "Intl. Conf. on Architectures for Networking and Communication
  Systems",
  pages = "145--154",
  publisher = {ACM},
  year = 2007
}

@inproceedings{bc08,
  author = "M. Becchi and P. Crowley",
  title = "Efficient Regular Expression Evaluation: {Theory} to Practice",
  booktitle = "Intl. Conf. on Architectures for Networking and Communication
  Systems",
  pages     = {50--59},
  publisher = {ACM},
  year = 2008
}

@inproceedings{hfa,
  author = "M. Becchi and P. Crowley",
  title = "A Hybrid Finite Automaton for Practical Deep Packet Inspection",
  booktitle = "Intl. Conf. on emerging Networking EXperiments and
  Technologies",
  year = 2007
}

@misc{cudd,
  title = "{CUDD}: {CU} Decision Diagram Package, Release 2.4.2",
  author = "F. Somenzi",
  note = "Department of Electrical, Computer, and Energy Engineering,
  University of Colorado at Boulder. 
  \url{http://vlsi.colorado.edu/~fabio/CUDD}",
	year = 2009
}

@inproceedings{xfa:oakland:2008,
  author = "R. Smith and C. Estan and S. Jha",
  title = "{XFA}: Faster Signature Matching with Extended Automata",
  booktitle = "Symp. on Security and Privacy",
  publisher = {IEEE Computer Society},
  pages = "187--201",
  year = 2008
}

@inproceedings{xfa:sigcomm:2008,
  author = "R. Smith and C. Estan and S. Jha and S. Kong",
  title = "Deflating the {Big} {Bang}: {Fast} and Scalable Deep Packet Inspection
  with Extended Finite Automata",
  booktitle = "SIGCOMM Conference",
  year = 2008,
  pages = "207--218",
  publisher = "ACM"
}

@book{hmu07,
  author = "J. E. Hopcroft and R. Motwani and J. D. Ullman",
  title = "Introduction to Automata Theory, Languages, and Computation, Third
  Edition",
  publisher = "Addison-Wesley",
  year = 2007
}

@inproceedings{bcm+90,
  author = "J. R. Burch and E. M. Clarke and K. L. McMillan and D. L. Dill and
  J. Hwang",
  title = "Symbolic model checking: 10$^{20}$ states and beyond",
  booktitle = "Symp. on Logic in Computer Science",
  pages     = {401--424},
  publisher = {IEEE Computer Society},
  year = 1990
}

@article{b86,
  author = "R. E. Bryant",
  title = "Graph-based Algorithms for {Boolean} Function Manipulation",
  journal = "IEEE Transactions on Computers",
  volume = 35,
  number = 8,
  publisher = {IEEE Computer Society},
  pages = "677--691",
  year = 1986
}

@article{fu82,
  author = "R. W. Floyd and J. D. Ullman",
  title = "The Compilation of Regular Expressions into Integrated Circuits",
  journal = "Jour. of the ACM",
  volume = 29,
  number = 3,
  month = "July",
  year = 1982
}

@inproceedings{sh01,
  author = "R. Sinnappan and S. Hazelhurst",
  title = "A Reconfigurable Approach to Packet Filtering",
  booktitle = "Brebner, G., and Woods, R., (eds.) FPL 2001",
  series = "Lecture Notes in Computer Science",
  volume = "2147",
  pages = "638--642",
  publisher = "Springer",
  year = 2001
}

@techreport{hfh98,
  author = "S. Hazelhurst and A. Fatti and A. Henwood",
  title = "Binary Decision Diagram Representations of Firewall and Router
  Access Lists",
  institution = "University of Witwatersrand, Johannesburg, South Africa",
  year = 1998
}

@inproceedings{yl05,
  author = "S. Yusuf and W. Luk",
  title = "Bitwise Optimized {CAM} for Network Intrusion Detection Systems",
  booktitle = "Intl. Conf. on Field Prog. Logic and Applications",
  pages = {444-449},
  publisher = {IEEE Press},
  year = 2005
}

@article{cf04,
  author = "M. Christiansen and E. Fleury",
  title = "An {MTIDD} Based Firewall",
  journal = "Telecommunication Systems",
  volume = 27,
  number = "2--4",
  month = "October",
  year = 2004
}

@inproceedings{yuan:firewall:oakland06,
  author = "L. Yuan and J. Mai and Z. Su and H. Chen and
  C. Chuah and P. Mohapatra",
  title = "{FIREMAN}: {A} Toolkit for FIREWall Modeling and Analysis",
  booktitle = "Symp. on Security and Privacy",
  month = "May",
  year = 2006
}

@inproceedings{gl04,
  author = "M. G. Gouda and X. Liu",
  title = "Firewall design: {Consistency}, Completeness and Compactness",
  booktitle = "Intl. Conf. on Distributed Computing Systems",
  month = "Mar",
  year = 2004
}

@article{gh05,
  author = "J. D. Guttman and A. L. Herzog",
  title = "Rigorous Automated Network Security management",
  journal = "Intl. Jour. of Information Security",
  volume = 4,
  number = "1--2",
  year = 2004
}

@misc{tippingpoint,
  author = "Tipping-Point",
  note = "\url{http://www.tippingpoint.com}",
  year = ""
}

@misc{tarari,
  author = "{LSI-Corporation}",
  title = "{Tarari} {RegEx} Content Processor",
  note = "\url{http://www.tarari.com}",
  year = ""
}

@misc{cisco,
  author = "Cisco",
  title = "{IOS} {terminal} services configuration guide",
  note = "\url{http://tinyurl.com/2eouvq}",
  year = ""
}

@inproceedings{nfa-fpga-HFC,
  author = {Hutchings, B. L. and Franklin, R. and Carver, D.},
  title = {Assisting Network Intrusion Detection with Reconfigurable Hardware},
  booktitle = {Annual Symp. on
  Field-Programmable Custom Computing Machines},
  pages     = {111--120},
  publisher = {IEEE Computer Society},
  year = {2002},
}


@inproceedings{nfa-fpga-MNB,
  author = {A. Mitra and W. Najjar and L. Bhuyan},
  title = {Compiling {PCRE} to {FPGA} for accelerating {Snort} {IDS}},
  booktitle = {Symp. on
  Arch. for Networking and Comm. Systems},
  pages     = {127--136},
  publisher = {ACM},
  year = {2007},
}

@inproceedings{gnort:raid:2008,
  author = "G. Vasiliadis and S. Antonatos and M. Polychronakis and E. P.
  Markatos and S. Ioannidis",
  title = "{Gnort}: {High} Performance Network Intrusion Detection using
  Graphics Processors",
  series = {Lecture Notes in Computer Science},
  volume = 5230,
  booktitle = "Lippman, R., Kirda, E., Trachtenberg, A., (eds.) RAID 2008",
  pages     = {116--134},
  publisher = {Springer},
  year = 2008
}

@inproceedings{zdd,
  author = "S. I. Minato",
  title = "Zero-suppressed {BDDs} for set manipulation in combinatorial
  problems",
  booktitle = "Design Automation Conf.",
  month = "June",
  year = 1993
}

@inproceedings{btc06,
  author = "B. C. Brodie and D. E. Taylor and R. K. Cytron",
  title = "A Scalable Architecture for High-Throughput Regular-Expression
  Pattern Matching",
  booktitle = "Intl. Symp. Computer Architecture",
  pages     = {191--202},
  publisher = {IEEE Computer Society},
  year = 2006
}

@misc{cox07,
  author = "R. Cox",
  title = "Regular Expression Matching Can be Simple And Fast (but is slow in
  {Java}, {Perl}, {PHP}, {Python}, {Ruby}, ...)",
  year = 2007,
  note = "\url{http://swtch.com/~rsc/regexp/regexp1.html}"
}

@phdthesis{becchi-thesis,
  author = "M. Becchi",
  title = "Data Structures, Algorithms and Architectures for Efficient Regular
  Expression Evaluation",
  school = "Washington University in St. Louis",
  year = 2009
}

@article{darpa-traces,
  author = "R. Lippmann and J. W. Haines and D. J. Fried and J. Korba and K.
  Das",
  title = "The 1999 {DARPA} Off-line Intrusion Detection Evaluation",
  journal = "Computer Networks",
  volume = 34,
  number = 4,
  pages = "579--595",
  month = "October",
  year = 2000
}

@inproceedings{sp10,
  author = "R. Sommer and V. Paxson",
  title = "Outside the Closed World: {On} Using Machine Learning for Network
  Intrusion Detection",
  booktitle = "Symp. on Security and Privacy",
  publisher = {IEEE Computer Society},
  year = 2010
}

@article{mchugh00,
  author = "J. McHugh",
  title = "Testing Intrusion Detection Systems: {A} Critique of the 1998 and
  1999 {DARPA} Intrusion Detection System Evaluations as Performed by {Lincoln}
  Laboratories",
  journal = "ACM Transactions on Information and System Security",
  volume = "3",
  number = "4",
  pages = "262--294",
  month = "November",
  year = 2000
}

@inproceedings{meiners:sec10,
	author = "C. Meiners and J. Patel and E. Norige and E. Torng and A. X. Liu",
	title = "Fast Regular Expression Matching using Small {TCAMs} for Network
	Intrusion Detection and Prevention Systems",
	booktitle = "19th USENIX Security Symposium",
	month = "August",
	year = 2010
}
