@misc{Elephant,
 title= {{E}lephant {D}rive {E}asy (safe and secure backups)},
 howpublished = {\url "http://www.elephantdrive.com"},
 }
@misc{Jungle,
 title= {{J}ungle {D}isk (reliable on-line storage)},
 howpublished = {\url "http://www.jungledisk.com"},
 }
 @misc{G.ho.st,
 title  = {G.ho.st (global hosted operating system)},
 howpublished = {\url "http://g.ho.st"},
 }
 @misc{YouOS,
 title= {{Y}ou{O}{S} (a web operating system)},
 howpublished = {\url "https://www.youos.com/"},
 }
 @misc{Amazon,
 title= {Amazon {S}3 (simple storage service)},
 howpublished = {\url "http://aws.amazon.com/s3"},
 }
@misc{Bingo!,
 title= {{B}ingo{D}isk (on-line disk service)},
 howpublished = {\url "http://www.bingodisk.com"},
 }
 @misc{Box.net,
 title  = {{B}ox.net (store here, access anywhere) },
 howpublished = {\url " http://www.box.net"},
 }
 @misc{MediaMax,
 title= {{M}edia{M}ax (the world's largest online mediacenter)},
 howpublished = {\url " http://www.mediamax.com"},
 }
 @misc{MaciDisk,
 title= {.{M}ac i{D}isk (your personal hard disk online)},
 howpublished = {\url " http://www.apple.com/dotmac/idisk.html"},
 }
 @inproceedings{bird92,
 author = {Ray Bird and Inder S. Gopal and Amir Herzberg and Philippe A. Janson and Shay Kutten and Refik Molva and Moti Yung},
 title = {Systematic Design of Two-Party Authentication Protocols},
 booktitle = {Proc. Int. Cryptology Conference on Advances in Cryptology (CRYPTO)},
 year = {1992},
 pages = {44--61}
 }
Provable Data Possession at Untrusted Stores
@inproceedings{ateniese07,
 author = {Giuseppe Ateniese and Randal Burns and Reza Curtmola and Joseph Herring and Lea Kissner and Zachary Peterson and Dawn Song},
 title = {Provable Data Possession at Untrusted Stores},
 booktitle = {Proc. Computer and Communication Security (CCS)},
 year = {2007}
 }
@inproceedings{bernardo07,
 author = {Giuseppe {Di Battista} and Bernardo Palazzi},
 title = {Authenticated Relational Tables and Authenticated Skip Lists},
 booktitle = {Proc. Working Conference on Data and Applications Security (DBSEC)},
 year = {2007},
 pages = {31--46}
 }

@inproceedings{gVault,
 author = { Ravi Chandra Jammalamadaka and Roberto Gamboni and Sharad Mehrotra and Kent E. Seamons and Nalini Venkatasubramanian},
 title = {g{V}ault: A Gmail Based Cryptographic Network File System},
 booktitle = {Proc. Working Conference on Data and Applications Security (DBSEC)},
 year = {2007},
 pages = {161--176}
 }

@inproceedings{yumerefendi07,
 author = { Aydan Y. Yumerefendi and Jeffrey S. Chase},
 title = {Strong Accountability for Network Storage},
 booktitle = {Proc. Conference on File and Storage Technologies (FAST)},
 year = {2007},
 pages = {77--92}
 }

@inproceedings{oprea07,
 author = { Alina Oprea and Micheal K. Reiter},
 title = {Integrity Checking in Cryprographic File Systems with Constant Trusted Storage},
 booktitle = {Proc. USENIX Security Symposium (USENIX)},
 year = {2007},
 pages = {183--198}
 }



@inproceedings{hore04,
 author = {Bijit Hore and Sharad Mehrotra and Gene Tsudik},
 title = {A Privacy-Preserving Index for Range Queries},
 booktitle = {Proc. Int. Conference on Very Large Databases (VLDB)},
 year = {2004},
 pages = {720--731}
 }

@inproceedings{hacig02,
  author    = {Hakan Hacig{\"u}m{\"u}\c{s} and
               Sharad Mehrotra and
               Bala Iyer},
  title     = {Providing Database as a Service},
  booktitle = {Proc. Int. Conference on Data Engineering (ICDE)},
  year      = {2002},
  pages     = {29-}
}
@inproceedings{hacig02b,
 author = {Hakan Hacig\"{u}m\"{u}\c{s} and Bala Iyer and Chen Li and Sharad Mehrotra},
 title = {Executing {SQL} over encrypted data in the database-service-provider model},
 booktitle = {Proc. Int. Conference on Management of Data (SIGMOD)},
 year = {2002},
 pages = {216--227}
 }

@inproceedings{mnt-outs-04,
  author =       "Einar Mykletun and Maithili Narasimha and Gene Tsudik",
  title =        "Authentication and Integrity in Outsourced Databases",
  booktitle = "Proceeding of Network and Distributed System Security (NDSS)", 
  year = "2004",
  pages = ""
 }


@inproceedings{spd-bind-05,
 author = {Elaine Shi and Adrian Perrig and Leendert Van Doorn},
 title = {BIND: A Fine-Grained Attestation Service for Secure Distributed Systems},
 booktitle = {Proceedings of the 2005 IEEE Symposium on Security and Privacy},
 year = {2005},
 isbn = {0-7695-2339-0},
 pages = {154--168},
 doi = {http://dx.doi.org/10.1109/SP.2005.4},
 publisher = {IEEE Computer Society},
 address = {Washington, DC, USA},
}



@Unpublished{    paratree02,
  author =       {Eric Hall and Charanjit S. Julta},
  title =        {Parallelizable Authentication Trees},
  note =         {In Cryptology {ePrint} Archive},
  year =         "2002",
  month = 	"Dec"
}


@inproceedings{tripwire,
  author =       "Eugene H. Spafford and Gene Kim",
  title =        "The Design and Implementation of Tripwire: A File System
		  Integrity Checker",
  booktitle = "2d ACM Conf.\ on Computer and Communication Security (CCS)", 
  year = "1994",
  pages = ""
 }

@misc{arbaugh97secure,
  author = "W. Arbaugh and D. Farber and J. Smith",
  title = "A Secure and Reliable Bootstrap Architecture",
  text = "William A. Arbaugh, David J. Farber, and Jonathan M. Smith. A Secure and
    Reliable Bootstrap Architecture. In Proceedings 1997 IEEE Symposium on Security
    and Privacy, pages 65--71, May 1997.",
  year = "1997"
  }
@book{ss-tcp-05,
 author = {Sean W. Smith},
 title = {Trusted Computing Platforms: Design and Applications},
 year = {1899},
 isbn = {0387239162},
 publisher = {Springer-Verlag New York, Inc.},
 address = {Secaucus, NJ, USA},
 }

@techreport{trustno1,
		title = "The Trustno1 Cryptoprocessor Concept",
		author = "Markus Kuhn",
		type =        "Technical Report",
		institution = "Purdue University",
		number = "CERIAS-1997-04-30",
		year =        "1997"
}

		  
@Unpublished{    appt04,
  author =       {Baruch Awerbuch and Boaz Patt-Shamir and David Peleg and Mark
Tuttle},
  title =        {Effective Collaboration Without Trust in Peer-to-Peer Systems},
  note =         {Manuscript},
  year =         2004
}
 
@article{svw-sfckd-00,
  author =       "D. R. Stinson and T. {van Trung} and R. Wei",
  title =        "Secure Frameproof Codes, Key Distribution Patterns,
		  Group Testing Algorithms and Related Structures",
  journal =      "Journal of Statistical Planning and Inference",
  pages =        "595--617",
  volume =	 "86",
  year =         "2000"
}

@article{KyasanurDCC2003,
  author =       "P. Kyasanur and N. Vaidya",
  title =        "Detection and Handling of {MAC} Layer Misbehavior in Wireless
		 Networks",
  pages =        "",
  journal =      "DCC",
  year =         "2003"
}

@inproceedings{gkf-dosam-02,
  author = "V. Gupta and S. Krishnamurthy and M. Faloutsos",
  title = "Denial of Service Attacks at the {MAC} Layer in Wireless
	  Ad Hoc Networks",
  booktitle = "Proc. of Milcom",
  year = "2002",
  pages = ""
}

@inproceedings{MartiMOBICOM2000,
  author = "S. Marti and T. J. Giuli and K. Lai and M. Baker",
  title = "Mitigating routing misbehavior in mobile ad hoc networks",
  booktitle = "Proc. of ACM Mobile Computing and Networking (MOBICOM)",
  year = "2000",
  pages = ""
}

@inproceedings{KimVTC2004,
  author = "Y. Kim and V. Sankhla and A. Helmy",
  title = "Efficient Traceback of {DoS} Attacks using Small Worlds in {MANET}",
  booktitle = "IEEE Vehicular Technology Conference (VTC)",
  year = "2004",
  pages = ""
}

@inproceedings{dg-qfdag-02,
  author = "N. Daswani and H. Garcia-Molina",
  title = "Query-flood {DoS} Attacks in {Gnutella}",
  booktitle = "9th ACM Conf.\ on Computer and Communication Security (CCS)", 
  year = "2002",
  pages = ""
}

@inproceedings{hk-rrkpd-04,
  author = "J. Hwang and Y. Kim",
  title = "Revisiting Random Key Pre-Distribution Schemes for
	Wireless Sensor Networks",
  booktitle = "2nd ACM Workshop on Security in Ad Hoc and Sensor Networks", 
  year = "2004",
  pages = "43--52"
}

@inproceedings{ln-epkds-03,
  author = "D. Liu and P. Ning",
  title = "Establishing Pairwise Keys in Distributed Sensor Networks",
  booktitle = "10th ACM Conf.\ on Computer and Communication Security (CCS)", 
  year = "2003",
  pages = "52--61"
}

@inproceedings{DoeppnerCCS2000,
  author = "T. W. Doeppner and P. N. Klein and A. Koyfman",
  title = "Using Router Stamping to Identify the Source of IP Packets",
  booktitle = "7th ACM Conf.\ on Computer and Communication Security (CCS)", 
  year = "2000",
  pages = "184--189"
}

@inproceedings{eg-kmsds-02,
  author = "L. Eschenauer and V. Gligor",
  title = "A Key Management Scheme for Distributed Sensor Networks",
  booktitle = "9th ACM Conf.\ on Computer and Communication Security (CCS)", 
  year = "2002",
  pages = "41--47"
}

@inproceedings{ddhv-pkpsw-03,
  author = "W. Du and J. Deng and Y. S. Han and P. K. Varshney",
  title = "A Pairwise Key Pre-Distribution Scheme for Wireless Sensor Networks",
  booktitle = "10th ACM Conf.\ on Computer and Communication Security (CCS)", 
  year = "2003",
  pages = "42--51"
}

@inproceedings{b-ocskg-85,
  author = "R. Blom",
  title = "An Optimal Class of Symmetric Key Generation Systems",
  booktitle = "Advances in Cryptography: EUROCRYPT", 
  series = "Lecture Notes in Computer Science",
  volume = 209,
  year = "1985",
  pages = "335--338"
}

@inproceedings{zxsj-llhap-03,
  author = "S. Zhu and S. Xu and S. Setia and S. Jajodia",
  title = "{LHAP}: {A} Lightweight Hop-by-Hop Authentication Protocol
  of Ad-Hoc Networks",
  booktitle = "23rd International Conference on Distributed Computing Systems",
  year = "2003",
  pages = "749"
}

@inproceedings{zxsj-epksc-03,
  author = "S. Zhu and S. Xu and S. Setia and S. Jajodia",
  title = "Establishing Pair-wise Keys For Secure Communication in Ad
	  Hoc Networks: {A} Probabilistic Approach",
  booktitle = "11th IEEE International Conference on Network Protocols (ICNP)",
  year = "2003",
  pages = "326--335"
}


@inproceedings{mb-dspor-96,
  author =       "S. L. Murphy and M. R. Badger",
  title =        "Digital signature protection of 
		{OSPF} routing protocol",
  booktitle =    "1996 Internet Society 
		Symp.\ on Network and Distributed System Security (NDSS)",
  year =         "1996",
  pages =      "93--102",
}

@inproceedings{cps-rkpss-03,
  author = "H. Chan and A. Perrig and D. Song",
  title = "Random Key Predistribution Schemes for Sensor Networks",
  booktitle = "Proc. of the IEEE Security and Privacy Symposim",
  year = "2003",
  pages = "197--213"
}

@inproceedings{ mb-shptte-02,
  author =       {Petros Maniatis and Mary Baker},
  title =        {Secure History Preservation Through Timeline Entanglement},
  booktitle =    {Proc. USENIX Security Symposium},
  year =         2002,
  url = {citeseer.nj.nec.com/maniatis02secure.html} }

@inproceedings{ mb-eassd-02,
  author =       {Petros Maniatis and Mary Baker},
  title =        {Enabling the Archival Storage of Signed Documents},
  booktitle =    {Proc. USENIX Conf. on File and
  Storage Technologies (FAST 2002)},
  OPTpages =     {},
  year =         {2002},
  address =      {Monterey, {CA}, {USA}},
  url = {citeseer.nj.nec.com/article/maniatis02enabling.html} }
  
@Misc{RFC2154,
  author =       "S. Murphy and M. Badger and B. Wellington",
  title =        "{RFC 2154}: {OSPF} with Digital Signatures",
  month =        jun,
  year =         "1997",
  bibdate =      "Wed Dec 09 14:22:05 1998",
  note =         "Status: EXPERIMENTAL.",
  URL =          "ftp://ftp.internic.net/rfc/rfc2154.txt,
                 ftp://ftp.math.utah.edu/pub/rfc/rfc2154.txt",
  acknowledgement = ack-nhfb,
  format =       "TXT=72701 bytes",
  online =       "yes",
  status =       "EXPERIMENTAL",
}


@InProceedings{agt-pada-01,
  author =       "Aris Anagnostopoulos and Michael T. Goodrich and Roberto Tamassia",
  title =        "Persistent Authenticated Dictionaries and Their Applications",
  booktitle =    "Proc. Information Security Conference (ISC 2001)",
  year =         "2001",
  series =       "LNCS",
  publisher =    "Springer-Verlag",
  pages =        "379--393",
  volume =       "2200"
}

@InProceedings{gsw-llbe-00,
  author =       "Juan A. Garay and Jessica Staddon and Avishai Wool",
  title =        "Long-Lived Broadcast Encryption",
  booktitle =    "Advances in Cryptology -- {CRYPTO} 2000",
  year =         "2000",
  pages =        "333--352",
  publisher =    "Springer-Verlag",
  series =       "LNCS",
}
  
@InProceedings{alo-fdir-98,
  author =       "William Aiello and Sachin Lodha and Rafail Ostrovsky",
  title =        "Fast Digital Identity Revocation",
  booktitle =    "Advances in Cryptology -- {CRYPTO} ' 98",
  year =         "1998",
  publisher =    "Springer-Verlag",
  series =       "LNCS",
}
  

@Misc{bcftg-satdxd-04,
  author =	 "E. Bertino and B. Carminati and E. Ferrari and B.
     Thuraisingham and A. Gupta",
  title =	 "Selective and Authentic Third-party Distribution of
    {X}{M}{L} Documents",
  year =	 2004,
  note = "In preparation"
}

@Article{bcftg-satdxd-04a,
  author =	 "E. Bertino and B. Carminati and E. Ferrari and B.
     Thuraisingham and A. Gupta",
  title =	 "Selective and Authentic Third-party Distribution of
    {X}{M}{L} Documents",
  year =	 2004,
  journal =      "Journal of Computer Security",
  note = "To appear"
}

@inproceedings{bcpmo-ddrdn-98,
    author = "K. A. Bradley and S. Cheung and N. Puketza 
             and B. Mukherjee and R. A. Olsson",
    title = "Detecting Disruptive Routers: {A}
  	     Distributed Network Monitoring Approach",
    booktitle = "IEEE Symposium on Security and Privacy",
    year = "1998",
    pages = "115--124",
}

@InProceedings{bd-owada-94,
  title =        "One-Way Accumulators: {A} Decentralized Alternative to
                 Digital Signatures",
  author =       "Josh Benaloh and Michael {de~Mare}",
  pages =        "274--285",
  booktitle =    "Advances in Cryptology---{EUROCRYPT} 93",
  year =         "1993",
  series =       "LNCS",
  publisher =    "Springer-Verlag",
  volume =       "765",
}
		  
@Article{bds-wvard-87,
  author =       "Joshua J. Bloch and Dean S. Daniels and Alfred Z.
                 Spector",
  title =        "A Weighted Voting Algorithm for Replicated
                 Directories",
  journal =      "Journal of the ACM",
  volume =       "34",
  number =       "4",
  pages =        "859--909",
  year =         "1987",
 }
		  
@Article{bfk-ktmpk-99,
  author =       "M. Blaze and J. Feigenbaum and A. D. Keromytis",
  title =        "{KeyNote}: Trust Management for Public-Key
                 Infrastructures",
  publisher =    "Springer-Verlag",
  journal =      "LNCS",
  volume =       "1550",
  pages =        "59--63",
  year =         "1999",
  keywords =     "security protocols"
}

@InProceedings{bgg-icavp-95,
  title =        "Incremental Cryptography and Application to Virus
                 Protection",
  author =       "Mihir Bellare and Oded Goldreich and Shafi
                 Goldwasser",
  pages =        "45--56",
  booktitle =    "Proceedings of the Twenty-Seventh Annual {ACM}
                 Symposium on the Theory of Computing",
  year =         1995
}

@InProceedings{bgg-icchs-94,
  title =        "Incremental Cryptography: The Case of Hashing and
                 Signing",
  author =       "Mihir Bellare and Oded Goldreich and Shafi
                 Goldwasser",
  pages =        "216--233",
  booktitle =    "Advances in Cryptology---{CRYPTO} '94",
  series =       "LNCS",
  volume =       "839",
  year =         "1994",
  publisher =    "Springer-Verlag",
}

@inproceedings{bll-acmua-00,
  author        = "Ahto Buldas and Peeter Laud and Helger Lipmaa",
  title         = "Accountable Certificate Management using Undeniable Attestations",
  year          = 2000,
  booktitle     = "{ACM} Conference on Computer and Communications Security",
  publisher     = "ACM Press",
  pages		= "9--18"
}


@article{bll-ecacm-02,
  author =       "Ahto Buldas and Peeter Laud and Helger Lipmaa",
  title =        "Eliminating Counterevidence with Applications to
     Accountable Certificate Management",
  pages =        "273--296",
  volume = "10",
  number = "3",
  journal =         "Journal of Computer Security",
  year =         "2002"
}

@InProceedings{bm-npcfh-97,
  author =       "Bellare and Micciancio",
  title =        "A New Paradigm for Collision-Free Hashing:
                 Incrementality at Reduced Cost",
  booktitle =    "EUROCRYPT: Advances in Cryptology: Proceedings of
                 EUROCRYPT, LNCS 1233",
  publisher =    "Springer-Verlag",
  year =         "1997",
  pages =        "163--??",
}

@Book{bs-antea-96,
  author =       {Eric Bach and Jeffrey Shallit},
  title =        {Algorithmic Number Theory, {Volume I}: {Efficient} Algorithms},
  publisher =    {MIT Press},
  year =         1996
}
		  
@Book{bw-ccnt-00,
  author =       {David Bressoud and Stan Wagon},
  title =        {A Course in Computational Number Theory},
  publisher =    {Key College Publishing},
  year =         2000
}

@InProceedings{c-emasl-97,
  author =       "Steven Cheung",
  title =        "An Efficient Message Authentication Scheme for Link
                 State Routing",
  pages =        "90--98",
  year =         "1997",
  booktitle =    "13th Annual Computer Security Applications Conference",
}

@TechReport{cgtt-adsggs-01,
    author = "Robert Cohen and Michael T. Goodrich and Roberto Tamassia and Nikos Triandopoulos",
    title = "Authenticated Data Structures for Graph and Geometric Searching",
    type = "Technical Report",
    institution = "Center for Geometric Computing, Brown University",
    note ="http://www.cs.brown.edu/cgc/stms/papers/authDatStr.pdf",
    year = "2001"
}

@TechReport{gstw-adfac-02,
    author = "Michael T. Goodrich and Michael Shin and Roberto Tamassia and 
              William H. Winsborough",
    title = "Authenticated Dictionaries for Fresh Attribute Credentials",
    type = "Technical Report",
    institution = "Center for Geometric Computing, Brown University",
    note ="http://www.cs.brown.edu/cgc/stms/papers/fresh.pdf",
    year = "2002"
}

@InProceedings{gstw-adfac-03,
    author = "Michael T. Goodrich and Michael Shin and Roberto Tamassia and 
              William H. Winsborough",
    title = "Authenticated Dictionaries for Fresh Attribute Credentials",
  booktitle     = {Proc. Trust Management Conference},
  publisher = {Springer},
  series    = {LNCS},
  volume    = {2692},
  year      = {2003},
pages = {332-347}
}


@TechReport{gstc-llair-02,
    author = "Michael T. Goodrich and Michael Shin and Roberto Tamassia and 
              Robert Cohen",
    title = "{LAIR}: {A} Lightweight Authenticated Information
	      Repository System",
    type = "Technical Report",
    institution = "Center for Geometric Computing, Brown University",
    note ="http://www.cs.brown.edu/cgc/stms/papers/lair.pdf",
    year = "2002"
}

@TechReport{gstc-didada-02,
    author = "Michael T. Goodrich and James Lentini and Michael Shin and Roberto Tamassia and Robert Cohen",
    title = "Design and Implementation of a Distributed
  Authenticated Dictionary and its Applications",
    type = "Technical Report",
    institution = "Center for Geometric Computing, Brown University",
    note ="Available from \url{http://www.cs.brown.edu/cgc/stms/papers/stms.pdf}",
    year = "2002"
}


@TechReport{tt-adht-05,
  author = 	 {Roberto Tamassia and Nikos Triandopoulos},
  title = 	 {Authenticated Distributed Hash Tables},
  institution =  {Algorithmics Lab, Brown University},
  note = 	 {Submitted},
  year =	 2005
}

@InProceedings{tt-ecappn-07,
  author = 	 {R. Tamassia and N. Triandopoulos},
  title = 	 {Efficient Content Authentication in Peer-to-Peer Networks},
  booktitle = 	 {Proc. Int. Conf. on Applied Cryptography and Network Security (ACNS)},
  pages =	 {354-372},
  year =	 2007,
  volume =	 4521,
  series =	 {LNCS},
  publisher =	 {Springer}
}



@TechReport{tt-cads-03,
  author = 	 {Roberto Tamassia and Nikos Triandopoulos},
  title = 	 {On the Cost of Authenticated Data Structures},
  institution =  {Center for Geometric Computing, Brown University},
  year = 	 2003,
    note ="Available from \url{http://www.cs.brown.edu/cgc/stms/papers/costauth.pdf}",
  type =	 {Technical Report}
}


@InProceedings{tt-cbhdp-05,
  author = 	 {Roberto Tamassia and Nikos Triandopoulos},
  title = 	 {Computational Bounds on Hierarchical Data Processing with Applications to Information Security},
  booktitle = 	 {Proc. Int. Colloquium on Automata, Languages and Programming ({ICALP})},
  year =	 2005,
  volume =       3580,
  pages =        {153-165},
  series =	 {LNCS},
  publisher =	 {Springer-Verlag}
}

@InProceedings{tt-cbhdp-05-S,
  author = 	 {Roberto Tamassia and Nikos Triandopoulos},
  title = 	 {Computational Bounds on Hierarchical Data Processing with Applications to Information Security},
  booktitle = 	 {Proc. ICALP},
  year =	 2005
}


@TechReport{tt-cbhdp-03,
  author = 	 {Roberto Tamassia and Nikos Triandopoulos},
  title = 	 {Computational Bounds on Hierarchical Data Processing with Applications to Information Security},
  institution =  {Brown University},
  year = 	 2004,
    note ="Available from \url{http://www.cs.brown.edu/cgc/stms/papers/cbhdp.pdf}",
  type =	 {Technical Report}
}


@TechReport{tt-cbhdp-04-S,
  author = 	 {Roberto Tamassia and Nikos Triandopoulos},
  title = 	 {Computational Bounds on Hierarchical Data Processing with Applications to Information Security},
  institution =  {Brown University},
  year = 	 2004,
  note ="url:~\url{http://www.cs.brown.edu/cgc/stms/papers/cbhdp.pdf}",
  type = {Technical Report}
}


@Misc{tt-cbhdpF-05-S,
  author	= {Roberto Tamassia and Nikos Triandopoulos},
  howpublished	= {Manuscript, Brown University},
  institution	= {Brown University},
  title		= {Computational Bounds on Hierarchical Data Processing with Applications to Information Security},
  year		= {2005},
  note ="Full version~\url{http://www.cs.brown.edu/cgc/stms/papers/cbhdp.pdf}",
}


@InProceedings{gttc-adsggs-03,
  author = 	 "Michael T. Goodrich and Roberto Tamassia and Nikos
		  Triandopoulos and Robert Cohen",
  title = 	 "Authenticated Data Structures for Graph and Geometric Searching",
  booktitle =	 "Proc. RSA Conference---Cryptographers' Track",
  year =	 2003,
  volume =       2612,
  series =       "LNCS",
  publisher =    "Springer",
  pages =        "295--313"
}


@InProceedings{gttc-adsggs-03-S,
  author = 	 "Michael T. Goodrich and Roberto Tamassia and Nikos
		  Triandopoulos and Robert Cohen",
  title = 	 "Authenticated Data Structures for Graph and Geometric Searching",
  booktitle =	 "Proc. RSA-CT",
  year =	 2003
}


@article{dgkmns-faxd-04,
  author = 	"Premkumar Devanbu and Michael Gertz and April Kwong 
       and Chip Martel and Glen Nuckolls and Stuart Stubblebine",
  title =        "Flexible Authentication of {XML} Documents",
  journal =      "Journal of Computer Security",
  pages =        "841--864",
  volume =	 "6",
  year =         "2004"
}

@InProceedings{c-meudc-00,
  title =        "A more efficient use of delta-{CRL}s",
  author =       "David A. Cooper",
  pages =        "190--202",
  booktitle =    "Proceedings of the 2000 IEEE Symposium on 
  		  Security and Privacy", 
  year =         2000
}

@inproceedings{cs-ssbsra-99,
    author = "Ronald Cramer and Victor Shoup",
    title = "Signature Schemes Based on the Strong {RSA} Assumption",
    booktitle = "{ACM} Conference on Computer and Communications
Security",
    pages = "46--51",
    year = "1999",
    url = "citeseer.nj.nec.com/article/cramer98signature.html" }

@inproceedings{cw-uchf-77,
    author = "I. L. Carter and M. N. Wegman",
    title = "Universal Classes of Hash Functions",
    booktitle = "Proc. {ACM} Symp. on Theory of Computing",
    pages = "106--112",
    year = "1977"
}

@InProceedings{dgms-atpdp-00,
  author = 	"Premkumar Devanbu and Michael Gertz and Chip Martel
	  and Stuart G. Stubblebine",
  title = 	 "Authentic Third-Party Data Publication",
  booktitle =	"Fourteenth IFIP 11.3 Conference on Database Security",
  year =	 2000
}

@Article{dgms-adpoi-03,
  author = 	"Premkumar Devanbu and Michael Gertz and Chip Martel
	  and Stuart G. Stubblebine",
  title = 	 "Authentic Data Publication over the {I}nternet",
  journal =	"Journal of Computer Security",
  volume = "11",
  number = "3",
  pages = "291 - 314",
  year =	 2003
}

@Article{dgms-adpoi-03-S,
  author = 	"Premkumar Devanbu and Michael Gertz and Chip Martel
	  and Stuart G. Stubblebine",
  title = 	 "Authentic Data Publication over the Internet",
  journal =	"Journal of Computer Security",
  volume = "11",
  number = "3",
  year =	 2003
}


@article{e-pkcss-85,
  author =       "Taher El Gamal",
  title =        "A Public Key Cryptosystem and a Signature Scheme Based
                 on Discrete Logarithms",
  pages =        "469--472",
  volume = "IT--31",
  number = "4",
  journal =         "IEEE Transactions on Information Theory",
  year =         "1985"
}

@InProceedings{ggm-efr-00,
  author =       "Irene Gassko and Peter S. Gemmell and Philip MacKenzie",
  title =        "Efficient and Fresh Certification",
  pages =        "342--353",
  booktitle =    "Int. Workshop on Practice and Theory in
                 Public Key Cryptography ({PKC} '2000)",
  year =         "2000",
  volume = "1751",
  publisher =    "Springer-Verlag",
  series =       "LNCS",
}

@inproceedings{ghr-shssro-99,
    author = "Rosario Gennaro and Shai Halevi and Tal Rabin",
    title = "Secure Hash-and-Sign Signatures without the Random Oracle",
    booktitle = "Proc. {EUROCRYPT}",
    series = "LNCS",
    volume = "1592",
    publisher = "Springer-Verlag",
    pages = "123-139",
    year = "1999",
    url = "citeseer.nj.nec.com/article/gennaro99secure.html" 
}

@TechReport{gth-aeddca-01,
    author = "Michael T. Goodrich and Roberto Tamassia and Jasminka Hasic",
    title = "An Efficient Dynamic and Distributed Cryptographic Accumulator",
    type = "Technical Report",
institution = "Center for Geometric Computing, Brown University",
note ="http://www.cs.brown.edu/cgc/stms/papers/accumulators.pdf",
    year = "2001"
}

@inproceedings{gth-aeddca-02,
    author = "Michael T. Goodrich and Roberto Tamassia and Jasminka Hasic",
    title = "An Efficient Dynamic and Distributed Cryptographic Accumulator",
    booktitle = "Proc. of Information Security Conference (ISC)",
    series = "LNCS",
    volume = "2433",
    publisher = "Springer-Verlag",
    pages = "372--388",
    year = "2002"
}

@inproceedings{gth-aeddca-02-S,
    author = "Michael T. Goodrich and Roberto Tamassia and Jasminka Hasic",
    title = "An Efficient Dynamic and Distributed Cryptographic Accumulator",
    booktitle = "Proc. ISC",
    year = "2002"
}	 


@InProceedings{gt-gcr-00,
    author = "C. Gunter and T. Jim",
    title = "Generalized certificate revocation",
    booktitle = "Proc. 27th ACM Symp. on Principles of Programming Languages",
    pages = "316--329",
    year = "2000"
}

@article{ hpt-rsols-99,
    author = "Ralf C. Hauser and Tony Przygienda and Gene Tsudik",
    title = "Lowering security overhead in link state routing",
    journal = "Computer Networks",
    volume = "31",
    number = "8",
    pages = "885-894",
    year = "1999",
    url = "citeseer.nj.nec.com/hauser99lowering.html" }


		  
@Book{k-cntc-87,
  author =       "Neal Koblitz",
  title =        "A Course in Number Theory and Cryptography",
  publisher =    "Springer-Verlag",
  year =         "1987"
}

@inproceedings{k-crv-98,
  author =       "P. C. Kocher",
  title =        "On Certificate Revocation and Validation",
  booktitle = "Proc. Int. Conf. on Financial Cryptography",
  series =      "LNCS",
  volume =       "1465",
  publisher =    "Springer-Verlag",
  year =         "1998",
}		  

@Book{k-pc-86,
  author =       "Evangelos Kranakis",
  title =        "Primality and Cryptography",
  publisher =    "John Wiley and Sons",
  year =         "1986"
}

@Misc{k-qicrt-98,
  author =	 "Paul Kocher",
  title =	 "A Quick Introduction to Certificate Revocation 
		  Trees ({CRTs})",
  year =	 1998,
  note = "http://www.valicert.com/resources/whitepaper/bodyIntroRevocation.html"
}

@InProceedings{kan-pecru-99,
  author =       {H. Kikuchi and K. Abe and S. Nakanishi},
  title =        {Performance Evaluation of Certicate Revocation Using $k$-Valued Hash Tree},
  booktitle =    {Proc. ISW'99},
  pages =        {103--117},
  year =         1999,
  volume =       1729,
  series =       {LNCS},
  publisher =    {Springer-Verlag}
}

@Book{kps-nspcp-95,
  author =       "Charles Kaufman and Radia Perlman and Michael
                 Speciner",
  title =        "Network Security: Private Communication in a Public
                 World",
  publisher =    "Prentice-Hall",
  address =      "Englewood Cliffs, NJ",
  year =         "1995",
  ISBN =         "0-13-061466-1",
}
		  

@InProceedings{kfm-ofvrec-04,
  author = 	 "Maxwell Krohn and Michael Freedman and David Mazieres",
  title = 	 "On-the-Fly Verification of Rateless Erasure Codes for
     Efficient Content Distribution",
  booktitle =	 "Proceedings of IEEE Symposium on Security and Privacy",
  month = 	 {May},
  pages = 	 {226--240},
  year =	 2004
}

@InProceedings{ltt-mafan-04,
  author = 	 "Anna Lysyanskaya and Roberto Tamassia and Nikos
		  Triandopoulos",
  title = 	 "Multicast Authentication in Fully Adversarial Networks",
  booktitle =	 "To Appear in IEEE Symposium on Security and Privacy",
  year =	 2004
}


@InProceedings{ltt-mafan-04b,
  author = 	 "Anna Lysyanskaya and Roberto Tamassia and Nikos
		  Triandopoulos",
  title = 	 "Multicast Authentication in Fully Adversarial Networks",
  booktitle =	 "Proceedings of IEEE Symposium on Security and Privacy",
  month = 	 {May},
  pages = 	 {241--255},
  year =	 2004
}

@InProceedings{ltt-mafan-04-S,
  author = 	 "Anna Lysyanskaya and Roberto Tamassia and Nikos
		  Triandopoulos",
  title = 	 "Multicast Authentication in Fully Adversarial Networks",
  booktitle =	 "Proc. IEEE SSP",
  year =	 2004
}


@InProceedings{m-cds-89,
  title =        "A Certified Digital Signature",
  author =       "Ralph C. Merkle",
  booktitle =    "Proc. {CRYPTO} '89",
  editor =       "G. Brassard",
  series =       "LNCS",
  volume =       "435",
  year =         "1989",
  pages =        "218--238",
  publisher =    "Springer-Verlag"
}

@Book{mvv-hac-97,
  author =       "Alfred J. Menezes and Paul C. {van Oorschot} 
  		and Scott A. Vanstone",
  title =        "Handbook of Applied Cryptography",
  publisher =    "CRC Press",
  year =         "1997",
  ISBN =         "0-8493-8523-7"
}

@TechReport{m-ecr-96,
  author =       "Silvio Micali",
  title =        "Efficient Certificate Revocation",
  institution =  "MIT Laboratory for Computer Science",
  number =       "TM-542b",
  year =         "1996",
}

@InProceedings{m-ppkc-80,
  author =       "R. C. Merkle",
  title =        "Protocols for public key cryptosystems",
  booktitle =    "Proc. Symp. on Security and Privacy",
  publisher =    "IEEE Computer Society Press",
  pages = "122--134",
  year =         "1980"
}


@inProceedings{mbkk-tpso-04,
	title = "Trust-Preserving Set Operations",
	author = "Ruggero Morselli and Samrat Bhattacharjee and Jonathan Katz and Pete Keleher",
	booktitle = {23rd Conference of the IEEE Communications Society (Infocom)},
	month = {March},
	year = {2004},
}


@inProceedings{oait-aim-03,
	title = "Origin Authentication in Interdomain Routing",
	author = "W. Aiello and J. Ioannidis and P. McDaniel",
	booktitle = {Proceedings of 10th ACM Conference on Computer and
	  Communications Security, ACM},
	month = {October},
	year = {2003},
	pages = "165--178"
}


@misc{nms-cdms-03,
    author = "Glen Nuckolls and Chip Martel and Stuart G. Stubblebine",
    title = "Certifying Data from Multiple Sources",
    note =  "Available from \url{http://truthsayer.cs.ucdavis.edu/multiowner.pdf}",
    year = "2003"
}

@inproceedings{ nms-multisource-03,
 author = {Glen Nuckolls and Chip Martel and Stuart Stubblebine},
 title = {Certifying data from multiple sources [Extended Abstract]},
 booktitle = {Proceedings of the 4th ACM conference on Electronic commerce},
 year = {2003},
 pages = {210--211},
 location = {San Diego, CA, USA},
 doi = {http://doi.acm.org/10.1145/779928.779963},
 publisher = {ACM Press},
 address = {New York, NY, USA},
 }

@misc{h-aldvg-02,
    author = "have2Banonymous",
    title = "Anonymously Launching a {DDoS} Attack via the Gnutella
    Network",
    note =  "http://www.auscert.org.au/render.html?it=2404",
    year = "2002"
}

@misc{mamga-ocsp-99,
    author = "M. Myers and R. Ankney and A. Malpani and S. Galperin and C. Adams",
    title = "{RFC} 2560, {X.509} {Internet} Public Key Infrastructure Online Certificate Status
      Protocol --- {OCSP}",
 institution = "Internet Engineering Task Force",
    year = "1999"
}

@inproceedings{mgmw-rsiip-00,
  author =       "S. Murphy and O. Gudmundsson and R. Mundy and B. Wellington",
  title =        "Retrofitting Security into Internet Infrastructure Protocols",
  booktitle =	 "DARPA Information Survivability Conference and 
		  Exposition (DISCEX)",
  year =	 2000,
  publisher =	 "IEEE Computer Society Press",
  pages =      "3--17",
}

@Misc{mngdks-gmadp-01,
  author = 	"Chip Martel and Glen Nuckolls and Premkumar Devanbu 
		and Michael Gertz and April Kwong and Stuart Stubblebine",
  title =        "A General Model for Authentic Data Publication",
  year =         "2001",
  note =         "Available from \url{http://www.cs.ucdavis.edu/~devanbu/files/model-paper.pdf}",
  online =       "yes",
}

@Article{mngdks-gmads-04,
  author = 	"Chip Martel and Glen Nuckolls and Premkumar Devanbu 
		and Michael Gertz and April Kwong and Stuar G.t Stubblebine",
  title =        "A General Model for Authenticated Data Structures",
  journal = "Algorithmica",
  volume = "39",
  number = "1",
  pages = "21--41",
  year =         "2004"
}

@Article{mngdks-gmads-04-S,
  author = 	"Chip Martel and Glen Nuckolls and Premkumar Devanbu 
		and Michael Gertz and April Kwong and Stuar G.t Stubblebine",
  title =        "A General Model for Authenticated Data Structures",
  journal = "Algorithmica",
  volume = "39",
  number = "1",
  year =         "2004"
}


@InProceedings{nn-crcu-98,
  author =       "Moni Naor and Kobbi Nissim",
  title =        "Certificate Revocation and Certificate Update",
  pages =        "217--228",
  ISBN =         "1-880446-92-8",
  booktitle =    "Proc. 7th {USENIX} Security Symposium",
  address =      "Berkeley",
  year =         "1998",
}


@InProceedings{nn-crcu-98-S,
  author =       "Moni Naor and Kobbi Nissim",
  title =        "Certificate Revocation and Certificate Update",
  booktitle =    "Proc. {USENIX} Security",
  year =         "1998"
}


@Book{p-isebrs-00,
  author =       "Radia Perlman",
  title =        "Interconnections, Second Edition: Bridges, Routers,
                 Switches, and Internetworking Protocols",
  publisher =    "Addison-Wesley",
  address =      "Reading, MA, USA",
  year =         "2000",
  ISBN =         "0-201-63448-1",
}

@PhdThesis{p-nlpba-88,
  author =       "Radia Perlman",
  title =        "Network Layer Protocol with Byzantine Agreement",
  note =         "LCS TR-429",
  school =       "The MIT Press",
  year =         "1988",
  month =        oct,
}

@InProceedings{bp-cfafssst-77,
  author = "N. Baric and B. Pfitzmann",
  title = "Collision-free accumulators and fail-stop signature schemes without trees",
  booktitle = "Advances in Cryptology: Proc. {EUROCRYPT}",
  publisher =    "Springer-Verlag",
  series =       "LNCS",
  volume = "1233",
  pages = "480--494",
  year = "1997"
}



@Article{r-patp-80,
  author =       "M. O. Rabin",
  title =        "A Probabilistic Algorithm for Testing Primality",
  journal =      "Journal of Number Theory",
  volume =       "12",
  year =         "1980",
  page =         "128--138",
}

@Article{rs-oaowf-97,
  author =       "Muhammad Rabi and Alan T. Sherman",
  title =        "An observation on associative one-way functions in
                 complexity theory",
  pages =        "239--244",
  journal =      "Information Processing Letters",
  year =         "1997",
  volume =       "64",
  number =       "5",
}

@Article{rsa-modsp-78,
  author =       "R. L. Rivest and A. Shamir and L. Adleman",
  title =        "A Method for Obtaining Digital Signatures and
                 Public-Key Cryptosystems",
  journal =      "Communications of the ACM",
  volume =       "21",
  number =       "2",
  pages =        "120--126",
  year =         "1978",
}

@Book{s-acpas-94,
  author =       "Bruce Schneier",
  title =        "Applied Cryptography: protocols, algorithms, and
                 source code in {C}",
  publisher =    "John Wiley and Sons, Inc.",
  address =      "New York",
  year =         1994,
  ISBN =         "0-471-59756-2"
}

@Book{s-acpas-96,
  author =       "Bruce Schneier",
  title =        "Applied Cryptography: Protocols, Algorithms, and
                 Source Code in {C}",
  publisher =    "John Wiley and Sons, Inc.",
  address =      "New York, NY, USA",
  edition =      "Second",
  year =         "1996",
  ISBN =         "0-471-12845-7 (cloth), 0-471-11709-9 (paper)",
}

@Article{s-at-99,
  author =       "Bruce Schneier",
  title =        "Attack Trees",
  journal =      "Dr. Dobb's Journal",
  volume =       "306",
  pages =        "21--29",
  month =        "December",
  year =         "1999",
  abstract =     "Attack trees provide a formal, methodical way of
                 describing the security of systems, based on varying
                 attacks. Bruce shows how you can use them to improve
                 security by modeling attacks."
}

@Book{s-cnspp-99,
  author =       "William Stallings",
  title =        "Cryptography and network security: principles and practice",
  publisher =    "Pren{\-}tice-Hall, Inc.",
  address =      "Upper Saddle River, NJ 07458, USA",
  edition =      "Second",
  year =         "1999",
}

@InProceedings{sty-bamp-01,
  author = "Tomas Sander and Amnon Ta-Shma and Moti Yung",
  title = "Blind, Auditable Membership Proofs",
  booktitle =    "Proc. Financial Cryptography (FC 2000)",
  publisher =    "Springer-Verlag",
  series =       "LNCS",
  volume = "1962",
  year = "2001",
  url = "http://www.star-lab.com/sander/publications/fc00.ps" 
}



@InProceedings{smg-sdvp-97,
  author =       "B. R. Smith and S. Murthy and J.J. Garcia-Luna-Aceves",
  title =        "Securing Distance-Vector Routing Protocols",
  booktitle =    "Symposium on Network and Distributed Systems Security
                 ({NDSS} '97)",
  year =         "1997",
}

@InProceedings{kzllz-pruss-01,
  author =       "J. Konh and P. Zerfos and H. Luo and S. Lu and L. Zhang",
  title =        "Providing Robust and Ubiquitous Security Support 
   		 for Mobil Ad-Hoc Networks",
  booktitle =    "9th IEEE Int.\ Conf.\ on Network Protocols (ICNP)",
  year =         "2001",
  pages = 	"251--260"
}

@InProceedings{sdlsb-srpad-02,
  author =       "K. Sanzgiri and B. Dahill and B. N. Levine and
  		 C. Shields and E. M. Belding-Royer",
  title =        "A Secure Routing Protocol for Ad Hoc Networks",
  booktitle =    "10th IEEE Int.\ Conf.\ on Network Protocols (ICNP)",
  year =         "2002",
  pages = 	"78--89"
}

@InProceedings{ga-sadrp-02,
  author =       "M. Guerrero-Zapata and N. Asokan",
  title =        "Securing Ad Hoc Routing Protocols",
  booktitle =    "ACM Workshop on Wireless Security",
  year =         "2002",
  pages = 	"1--10"
}

@InProceedings{ph-slsrm-03,
  author =       "P. Papadimitratos and Z. J. Haas",
  title =        "Secure Link State Routing for Mobile Ad Hoc Networks",
  booktitle =    "Symp.\ on Applications and the Internet Workshops",
  year =         "2003",
  pages = 	"379"
}

@InProceedings{klms-sbgp-00,
  author =       "S. Kent and C. Lynn and J. Mikkelson and K. Seo",
  title =        "Secure Boarder Gateway Protocol {(S-BGP)} -- Real
		 World Performance and Deployment Issues",
  booktitle =    "Symposium on Network and Distributed Systems Security
                 ({NDSS} '00)",
  year =         "2000",
  pages = 	"103--116"
}

@Unpublished{smy-tmetn-00,
  author = 	 "K. E. Seamons and M. Winslett and T. Yu",
  title = 	 "TrustBuilder: Middleware to Enable Trust Negotiation
		  Strategy Interoperability",
  year =	 2000,
  note =         "submitted for publication"		  
}
		  
@Article{ss-efmct-78,
  author =       "R. Solovay and V. Strassen",
  title =        "Erratum: {A} Fast {Monte-Carlo} Test for Primality",
  journal =      "SIAM Journal on Computing",
  volume =       "7",
  number =       "1",
  year =         "1978",
}

@Article{ss-fmctp-77,
  author =       "R. Solovay and V. Strassen",
  title =        "A Fast {Monte-Carlo} Test for Primality",
  journal =      "SIAM Journal on Computing",
  volume =       "6",
  number =       "1",
  year =         "1977",
  pages =        "84--85",
}

@inproceedings{vww-esiao-97,
  author = "B. Vetter and F.-Y. Wang and S. F. Wu",
  title = "An Experimental Study of Insider Attacks for the {OSPF}
            Routing Protocol",
  booktitle =  "5th IEEE International Conference on Network Protocols", 
  year = "1997",
}



@InProceedings{wsj-atn-01,
  author = 	 "W. H. Winsborough and K. E. Seamons and V. E. Jones",
  title = 	 "Automated Trust Negotiation",
  booktitle =	 "DARPA Information Survivability Conference and 
		  Exposition (DISCEX)",
  year =	 2000,
  publisher =	 "IEEE Computer Society Press"
}


@inproceedings{wwjg-idlsr-97,
    author = "S. F. Wu and F.-Y. Wang and Y. F. Jou and F. Gong",
    title = "Intrusion Detection for Link-State Routing Protocols",
    booktitle = "IEEE Symposium on Security and Privacy",
    year = "1997"
}

@inproceedings{mvs-iidos-01,
  author = "D. Moore and G. Voelker and S. Savage",
  title = "Inferring Internet Denial-of-Service Activity",
  booktitle = "Usenix Security Symposium",
  year = "2001",
  url = "citeseer.nj.nec.com/moore01inferring.html" }

@InProceedings{z-epsrm-98,
  author =       "Kan Zhang",
  title =        "Efficient Protocols for Signing Routing Messages",
  online =       "http://www.cl.cam.ac.uk/users/kz200/routing.ps.gz",
  booktitle =    "Symposium on Network and Distributed Systems Security
                 ({NDSS} '98)",
  address =      "San Diego, California",
  year =         "1998",
  organization = "Internet Society",
  annote =       "Describes the use of one-time signatures to sign
                 routing update messages. He uses Merkle's signatures to
                 sign both the message, and the next public key. In
                 order to avoid keeping the entire public key in the
                 signature, he uses only a hash of the public key
                 components. This implies that the signature now
                 contains the secret key component corresponding to the
                 1 bits, _and_ the public key components corresponding
                 to the 0 bits. Signing, Verification, and size of
                 certificate are all efficient. But the size of
                 signatures still remains a problem (O (n + lg n))",
}

@Article{bm-tnats-02,
  author =       "T. Baba and S. Matsuda",
  title =        "Tracing Network Attacks to Their Sources",
  journal =      "IEEE Internet Computing",
  volume =       "6",
  number =       "2",
  year =         "2002",
  pages =	"20--26"
}

@inproceedings{ib-iprbd-02, 
    author = "John Ioannidis and Steven M. Bellovin",
    title = "Implementing Pushback: 
             Router-Based Defense Against {DDoS} Attacks",
    booktitle = "Proceedings of Network and Distributed System 
		Security Symposium", 
    publisher = "The Internet Society",
    year = 2002,
    url = "citeseer.nj.nec.com/503197.html" 
}

@inproceedings{b-itm-00,
   author = "S. M. Bellovin",
   title = "{ICMP} Traceback Messages",
   booktitle = "Work in Progress, Internet Draft draft-bellovin-itrace-00.txt", 
   month = "March",
   year = 2000
}

@inproceedings{s-caion-00,
   author = "Robert Stone",
   title = "Centertrack: An {IP} overlay network for tracking {DoS} floods",
   booktitle = "Proc. of 9th USENIX Security Symposium", 
   month = "August",
   year = 2000,
   url = "http://www.usenix.org/events/sec2000/stone.html"
}

@inproceedings{swka-pnsit-00,
    author = "Stefan Savage and David Wetherall and Anna R. Karlin 
              and Tom Anderson",
    title = "Practical network support for {IP} traceback",
    booktitle = "{SIGCOMM}",
    pages = "295-306",
    year = "2000",
    url = "citeseer.nj.nec.com/savage00practical.html" }

@article{p-aaurd-01,
  author =       {Vern Paxson},
  title =        {An Analysis of Using Reflectors for Distributed
Denial-of-Service Attacks},
  journal =      {ACM Computer Communications Review (CCR)},
  year =         2001,
  volume =       31,
  number =       3,
  month =        Jul,
  url = {citeseer.nj.nec.com/paxson01analysis.html}}

@misc{p-ip-81,
  author = "J. Postel",
  title = "Internet Protocol",
  text = "J. Postel, Internet Protocol, {RFC} 791, September 1981",
  year = 1981
}

@misc{pl-eppmi-00,
  author = "K. Park and H. Lee",
  title = "The effectiveness of probabilistic packet marking for {IP}
           traceback under denial of service attack",
  text = "K. Park and H. Lee, On the effectiveness of probabilistic
	  packet marking for {IP} traceback under denial of service attack, 
          Tech. Rep.  CSD-00-013,
    Department of Computer Sciences, Purdue University, June 2000.",
  year = "2000",
  url = "citeseer.nj.nec.com/article/park00effectiveness.html" }

@inproceedings{a-tppmi-02, 
    author = "Micah Adler", 
    title = "Tradeoffs in Probabilistic Packet Marking for {IP} Traceback",
    booktitle = "Proceedings of 34th ACM Symposium Theory of Computing (STOC)",
    year = 2002,
    url = "http://www.cs.umass.edu/~micah/pubs/traceback.ps"
}

@inproceedings{spsjtks-hbit-01,
    author = "Alex C. Snoeren and Craig Partridge and Luis A. Sanchez and
	     Christine E. Jones and Fabrice Tchakountio and Stephen T. Kent 
	     and W. Timothy Strayer",
    title = "Hash-based {IP} Traceback",
    booktitle = "Proc. of the ACM SIGCOMM 2001 Conference on Applications,
	      Technologies, Architectures, and Protocols for 
	      Computer Communication",
    year = 2001,
    url = "http://nms.lcs.mit.edu/~snoeren/papers/spie-sigcomm.html"
}

@inproceedings{bc-tapta-00,
    author = "Hal Burch and Bill Cheswick",
    title = "Tracing Anonymous Packets to Their Approximate Source",
    booktitle = "Usenix {LISA} (New Orleans) Conference",
    year = 2000,
    pages = "313--322",
    url = "http://www.cs.cmu.edu/~hburch/lisa00.ps"
}

@inproceedings{dfs-aaait-01,
  author = "D. Dean and M. Franklin and A. Stubblefield",
  title = "An algebraic approach to {IP} traceback",
  booktitle = "Network and Distributed System Security Symposium (NDSS)",
  year = "2001",
  pages = "3--12",
  url = "citeseer.nj.nec.com/article/dean01algebraic.html" 
}

@inproceedings{sp-aamsi-01,
  author = "D. Song and A. Perrig",
  title = "Advanced and Authenticated Marking Schemes for {IP} Traceback",
  booktitle = "IEEE Infocomm",
  year = 2001, 
  url = "http://paris.cs.berkeley.edu/~dawnsong/papers/iptrace.pdf"
}

@article{l-paic-81,
  author = "L. Lamport",
  title = "Password authentication with insecure communication",
  journal = "Communications of the {ACM}",
  volume = 24,
  number = 11,
  year = 1981,
  pages = "770--772"
}

@inproceedings{cam-lys-02,
    author = "Jan Camenisch and Anna Lysyanskaya",
    title = "Dynamic accumulators and application to efficient revocation 
        of anonymous credentials",
    booktitle = " Proc. {CRYPTO}",
		  year ="2002"
}  

@Misc{spread,
  author =	 "Y. Amir and M. Miskin-Amir and J. Stanton ",
  title =	 "The Spread Toolkit",
  note ="http://www.spread.org/"
}

@inproceedings{ncr-castcia-02,
 author = "Peng Ning and Yun Cui and Douglas S. Reeves",
 title = "Constructing attack scenarios through correlation of intrusion alerts",
 booktitle = "Proc. ACM Conference on Computer and Communications Security",
 year = 2002,
 pages = "245--254",
 doi = {http://doi.acm.org/10.1145/586110.586144},
 publisher = {ACM Press}
 }

@InProceedings{hpj-esmrp-03,
  author = 	 {Yih-Chun Hu and Adrian Perrig and David B. Johnson},
  title = 	 {Efficient Security Mechanisms for Routing Protocols},
  booktitle = "Network and Distributed System Security Symposium ({NDSS})",
  pages =	 {57--73},
  year =	 2003
}

@InProceedings{hjlw-agaag-02,
  author = 	 {Joshua Haines and Somesh Jha and Richard Lippmann and Jeannette M. Wing},
  title = 	 {Automated Generation and Analysis of Attack Graphs},
  booktitle = 	 {Proc. IEEE Symp. on Security and Privacy},
  pages =	 {273--284},
  year =	 2002
}

@InProceedings{h-encpt-02,
  author = 	 {J. A. Halderman},
  title = 	 {Evaluating New Copy-Prevention Techniques for Audio {CDs}},
  booktitle = 	 {Proc. ACM Workshop on Digital Rights Management},
  pages =	 {83--96},
  year =	 2002
}

@inproceedings{c-epbaotp-99,
 author = {Christian Cachin},
 title = {Efficient private bidding and auctions with an oblivious third party},
 booktitle = {Proc. ACM Copnf. on Computer and Communications Security},
 year = {1999},
 pages = {120--127},
 doi = {http://doi.acm.org/10.1145/319709.319726},
 publisher = {ACM Press},
 }


@inproceedings{swp-ptsed-00,
    author = "Dawn Xiaodong Song and David Wagner and Adrian Perrig",
    title = "Practical Techniques for Searches on Encrypted Data",
    booktitle = "Proc. {IEEE} Symp. on Security and Privacy",
    pages = "44--55",
    year = "2000"
}

@InProceedings{pt-addws-02,
  author = 	 {Daniel J. Polivy and Roberto Tamassia},
  title = 	 {Authenticating Distributed Data using {Web} Services and {XML} Signatures},
  booktitle = 	 {Proc. ACM Workshop on XML Security},
  year =	 2002,
}

@TechReport{sstp-awcp-02,
    author = "Michael Shin and Christian Straub and Roberto Tamassia and Daniel J. Polivy",
    title = "Authenticating {Web} Content with Prooflets",
    type = "Technical Report",
    institution = "Center for Geometric Computing, Brown University",
    note ="\url{http://www.cs.brown.edu/cgc/stms/papers/prooflets.pdf}",
    year = "2002"
}

@TechReport{glt-jssc-02,
    author = "Michael T. Goodrich and James Lentini and Roberto Tamassia",
    title = "{JSSH}: A Secure Shell Client",
    type = "Technical Report",
    institution = "Center for Geometric Computing, Brown University",
    year = "2002"
}


@inproceedings{bdf-lbmma-01,
    author = "Dan Boneh and Glenn Durfee and Matt Franklin",
    title = "Lower Bounds for Multicast Message Atuhentication",
    booktitle = "Eurocrypt 2001",
    pages = "437--452",
    year = "2001"
}


@inproceedings{cgimnp-mstsec-99,
    author = "Ran Canetti and Juan Garay and Gene Itkis and Daniele Micciancio and Moni Naor and Benny Pinkas",
    title = "Multicast Security: {A} Taxonomy and Some Efficient Constructions",
    booktitle = "{INFOCOMM}'99",
    year = "1999",
    pages = "708--716",
}

@inproceedings{cgimnp-mstsec-99-S,
    author = "Ran Canetti and Juan Garay and Gene Itkis and Daniele Micciancio and Moni Naor and Benny Pinkas",
    title = "Multicast Security: {A} Taxonomy and Some Efficient Constructions",
    booktitle = "Proc. {INFOCOMM}",
    year = "1999",
}


@inproceedings{Canetti&99a,
     AUTHOR    = "R. Canetti and T. Malkin and K. Nissim",
     TITLE     = "Efficient communication - storage tradeoffs for multicast encryption",
     BOOKTITLE = "Advances in cryptology (EUROCRYPT'99), LNCS 1592",
     VOLUME    = "",
     PAGES     = {459-474},
     ADDRESS   = "",
     YEAR      = "1999",
     MONTH     = "",
     ABSTRACT  = {} 
}

@inproceedings{Canetti&99a-S,
     AUTHOR    = "R. Canetti and T. Malkin and K. Nissim",
     TITLE     = "Efficient communication - storage tradeoffs for multicast encryption",
     BOOKTITLE = "Proc. EUROCRYPT",
     VOLUME    = "",
     ADDRESS   = "",
     YEAR      = "1999",
     MONTH     = "",
     ABSTRACT  = {} 
}


@inproceedings{gm-asdprpl-01,
  author = "Philippe Golle and Nagendra Modadugu",
  title = "Authenticating Streamed Data in the Presence of Random Packet Loss",
  booktitle = "Network and Distributed System Security Symposium ({NDSS}'01)",
  year = "2001",
  pages = "13--22", 
  }

@inproceedings{gr-sds,
    author = "Rosario Gennaro and Pankaj Rohatgi",
    title = "How to Sign Digital Streams",
    booktitle = "Advances in Cryptology ({CRYPTO'97})",
    pages = "180--197",
    year = "1997",
}

@inproceedings{ms-gbads-01,
    author = "Sara Miner and Jessica Staddon",
    title = "Graph-Based Authentication of Digital Streams",
    booktitle = "Proc. {IEEE} Symp. on Security and Privacy",
    pages = "232--246",
    year = "2001",
}


@inproceedings{pcts-easmslc-00,
    author = "Adrian Perrig and Ran Canetti and J. D. Tygar and Dawn Xiaodong Song",
    title = "Efficient Authentication and Signing of Multicast Streams over Lossy Channels",
    booktitle = "Proc. {IEEE} Symposium on Security and Privacy",
    pages = "56-73",
    year = "2000",
}


@inproceedings{p-biba-01,
  author = "A. Perrig",
  title = "The {B}i{B}a one-time signature and broadcast authentication protocol",
  booktitle = "Eighth ACM Conference on Computer and Communication Security",
  pages = "28--37",
  month = "November",
  year = "2001",
}

@inproceedings{pcs-empausa-02,
    author = "Jung Min Park and Edwin K. P. Chong and Howard Jay Siegel",
    title = "Efficient Multicast Packet Authentication Using Signature Amortization",
    booktitle = "Proc. {IEEE} Symposium on Security and Privacy",
    pages = "227-240",
    year = "2002",
}


@inproceedings{szt-egdsaron-02,
  author = "Dawn Xiaodong Song and David Zuckerman and J. D. Tygar",
  title = "Expander Graphs for Digital Stream Authentication and Robust Overlay
     Networks",
  booktitle = "Proc. {IEEE} Symposium on Security and Privacy",
  pages = "258--270",
  year = "2002",
}

@inproceedings{wl-dsfm-98,
    author = "Chung Kei Wong and Simon S. Lam",
    title = "Digital Signatures for Flows and Multicasts",
    booktitle = "Proc. {IEEE} International Conference on Network Protocols",
    year = "1998",
}


@inproceedings{xs-amida-02,
    author = "Shouhuai Xu and Ravi Sandhu",
    title = "Authenticated Multicast Immune to Denial-of-Service Attack",
    booktitle = "Proc. {ACM} Symposium on Applied Computing",
    year = "2002",
}

@Article{kfj-tbspce-01,
  author = 	 {Lalana Kagal and Tim Finin and Anupam Joshi},
  title = 	 {Trust-Based Security in Pervasive Computing Environments},
  journal = 	 {IEEE Computer},
  volume = 34,
  numbaer = 12,
  pages = {154--157},
  year =  2001
}

@inproceedings{ps-hvnti-99,
    author = "Adrian Perrig and Dawn Song",
    title = "Hash Visualization: a New Technique to improve Real-World Security",
    booktitle = "International Workshop on Cryptographic Techniques and E-Commerce (CrypTEC '99)",
    pages = "131--138",
    year = "1999",
    url = "citeseer.nj.nec.com/perrig99hash.html" }

@article{a-wcf-94,
    author = "Ross J. Anderson",
    title = "Why Cryptosystems Fail",
    journal = "Communications of the ACM",
    volume = 37,
    number = 11,
    pages = "32--40",
    year = "1994",
    url = "citeseer.nj.nec.com/anderson94why.html" }

@inproceedings{dp-dvusu-00,
    author = "Rachna Dhamija and Adrian Perrig",
    title = "{D}{\/e}j{\`a} Vu: {A} User Study Using Images for
Authentication",    
    booktitle = "Proceedings of the 9th USENIX Security Symposium",
    year = "2000",
    url = "citeseer.nj.nec.com/326534.html" }

@inproceedings{jmmrr-dagp-99,
    author = "Ian Jermyn and Alain Mayer and Fabian Monrose and Michael K. Reiter and Aviel D. Rubin",
    title = "The Design and Analysis of Graphical Passwords",
    booktitle = "Proceedings of the 8th USENIX Security Symposium", 
    year = 1999,
    url = "citeseer.nj.nec.com/jermyn99design.html" }

@article{np-vai-97,
    author = "Moni Naor and Benny Pinkas",
    title = "Visual Authentication and Identification",
    journal = "Lecture Notes in Computer Science",
    volume = "1294",
    pages = "322--??",
    year = "1997",
    url = "citeseer.nj.nec.com/67294.html" }

@article{abds-vcgas-96,
    author = "Giuseppe Ateniese and Carlo Blundo and Alfredo De Santis and Douglas R. Stinson",
    title = "Visual Cryptography for General Access Structures",
    journal = "Electronic Colloquium on Computational Complexity (ECCC)",
    volume = "3",
    number = "12",
    year = "1996",
    url = "citeseer.nj.nec.com/ateniese96visual.html" }

@article{bds-ocvcs-99,
    author = "Carlo Blundo and Alfredo De Santis and Douglas R.  Stinson",
    title = "On the Contrast in Visual Cryptography Schemes",
    journal = "Journal of Cryptology: the journal of the International Association for Cryptologic Research",
    volume = "12",
    number = "4",
    pages = "261--289",
    year = "1999",
    url = "citeseer.nj.nec.com/blundo96contrast.html" }

@inproceedings{ns-vc-95,
    author = "Moni Naor and Adi Shamir",
    title = "Visual Cryptography",
     booktitle = "Eurocrypt '94",
    journal = "Lecture Notes in Computer Science",
    volume = "950",
    pages = "1--12",
    year = "1995",
    url = "citeseer.nj.nec.com/naor95visual.html" }

@inproceedings{d-hvua-00,
  author = "R. Dhamija",
  title = "Hash visualization in user authentication",
  booktitle = "Proceedings of the Computer Human Interaction 2000 Conference", 
  year = "2000",
  url = "citeseer.nj.nec.com/dhamija00hash.html" }

@inproceedings{jmsw-hss-02,
    author = "Robert Johnson and David Molnar and Dawn Xiaodong Song and David Wagner",
    title = "Homomorphic Signature Schemes",
    booktitle = "Proceedings of the RSA Security Conference Cryptographers Track",
    pages = "244--262",
    year = "2002",
    url = "citeseer.nj.nec.com/johnson02homomorphic.html" }

@InProceedings{ymkt-mmtdpl-99,
  author = 	 {M. Yajnik and S. Moon and J. Kurose and D. Towsley},
  title = 	 {Measurement and Modelling of the Temporal Dependence in Packet Loss''},
  booktitle = 	 {Proc. IEEE INFOCOM},
  year =	 1999
}

@InProceedings{cgimnp-mstec-99,
  author =       "Ran Canetti and Juan Garay and Gene Itkis and Daniele
                 Micciancio and Moni Naor and Benny Pinkas",
  title =        "Multicast Security: {A} Taxonomy and Some Efficient
                 Constructions",

  year =         "1999",
  booktitle =    "Proc. IEEE INFOCOM",
  pages =        "708--716",
}

@InProceedings{gm-asdprpl-01,
  author =       "P. Golle and N. Modadugu",
  title =        "Authenticating Streamed Data in the Presence of Random
                 Packet Loss",
  pages =        "13--22",
  booktitle =    "Proc. Symp. Network and
                 Distributed Systems Security ({NDSS} 2001)",
  year =         "2001",
}

@InProceedings{gr-hsds-97,
  author =       "R. Gennaro and P. Rohatgi",
  year =         "1997",
  title =        "How to Sign Digital Streams",
  booktitle =    "Proc. 17th International Cryptology Conference --
                 {CRYPTO} '97",
  pages =        "180--197",
}

@InProceedings{ms-gbads-01,
  author =       "S. Miner and J. Staddon",
  title =        "Graph-based authentication of digital streams",
  pages =        "232--246",
  booktitle =    "Proc. 2001 {IEEE} Symposium on Security and Privacy",
  publisher =    "IEEE Computer Society",
  year =         "2001",
}

@InProceedings{pcts-easmslc-00,
  author =       "Adrian Perrig and Ran Canetti and Doug Tygar and Dawn
                 Song",
  title =        "Efficient Authentication and Signature of Multicast
                 Streams over Lossy Channels",
  booktitle =    "Proc. {IEEE} Symposium on Security and Privacy",
  year =         "2000",

}


@InProceedings{szt-egdsaron-02,
  author =       "Dawn X. Song and David Zuckerman and J. D. Tygar",
  title =        "Expander Graphs for Digital Stream Authentication and
                 Robust Overlay Networks",
  booktitle =    "Proc. {IEEE} Symposium on Security and Privacy",
  year =         "2002",
  pages =        "258--270",
}

@InProceedings{pcs-empausa-02,
  author =       "Jung Min Park and Edwin K. P. Chong and Howard Jay
                 Siegel",
  title =        "Efficient Multicast Packet Authentication Using
                 Signature Amortization",
  booktitle =    "Proc. {IEEE} Symposium on Security and Privacy",
  year =         "2002",
  pages =        "227--240",
}


@inproceedings{ftbacuc-01,
 author = {Christos K. Georgiadis and Ioannis Mavridis and George Pangalos and Roshan K. Thomas},
 title = {Flexible team-based access control using contexts},
 booktitle = {Proceedings of the Sixth ACM Symposium on Access control models and technologies},
 year = {2001},
 isbn = {1-58113-350-2},
 pages = {21--27},
 location = {Chantilly, Virginia, United States},
 doi = {http://doi.acm.org/10.1145/373256.373259},
 publisher = {ACM Press},
}

@inproceedings{lmsy-pbrfac-96,
 author = {Emil C. Lupu and Damian A. Marriott and Morris S. Sloman and Nicholas Yialelis},
 title = {A policy based role framework for access control},
 booktitle = {Proceedings of the first ACM Workshop on Role-based access control},
 year = {1996},
 isbn = {0-89791-759-6},
 pages = {11},
 location = {Gaithersburg, Maryland, United States},
 doi = {http://doi.acm.org/10.1145/270152.270171},
 publisher = {ACM Press},
}

@inproceedings{t-tbac-97,
 author = {Roshan K. Thomas},
 title = {Team-based access control (TMAC): a primitive for applying role-based access controls in collaborative environments},
 booktitle = {Proceedings of the second ACM workshop on Role-based access control},
 year = {1997},
 isbn = {0-89791-985-8},
 pages = {13--19},
 location = {Fairfax, Virginia, United States},
 doi = {http://doi.acm.org/10.1145/266741.266748},
 publisher = {ACM Press},
}

@inproceedings{b-racuhd-98,
 author = {Konstantin Beznosov},
 title = {Requirements for access control: US Healthcare domain},
 booktitle = {Proceedings of the third ACM workshop on Role-based access control},
 year = {1998},
 isbn = {1-58113-113-5},
 pages = {43},
 location = {Fairfax, Virginia, United States},
 doi = {http://doi.acm.org/10.1145/286884.286892},
 publisher = {ACM Press},
 }

@inproceedings{ls-rrbmrbac-97,
 author = {Emil Lupu and Morris Sloman},
 title = {Reconciling role based management and role based access control},
 booktitle = {Proceedings of the second ACM workshop on Role-based access control},
 year = {1997},
 isbn = {0-89791-985-8},
 pages = {135--141},
 location = {Fairfax, Virginia, United States},
 doi = {http://doi.acm.org/10.1145/266741.266770},
 publisher = {ACM Press},
}

@inproceedings{gi-rtcbac-97,
 author = {Luigi Giuri and Pietro Iglio},
 title = {Role templates for content-based access control},
 booktitle = {Proceedings of the second ACM workshop on Role-based access control},
 year = {1997},
 isbn = {0-89791-985-8},
 pages = {153--159},
 location = {Fairfax, Virginia, United States},
 doi = {http://doi.acm.org/10.1145/266741.266773},
 publisher = {ACM Press},
}

@article{mgpk-udcaccia-00,
 author = {I. Mavridis and C. Georgiadis and G. Pangalos and M. Khair},
 title = {Using digital certificates for access control in clinical intranet applications},
 journal = {Technology and Health Care},
 volume = {8},
 number = {3-4},
 year = {2000},
 issn = {0928-7329},
 pages = {173--174},
 publisher = {IOS Press},
}


@inproceedings{as-sg-03,
title="Skip Graphs",
author="James Aspnes and Gauri Shah", 
booktitle="Proc. ACM-SIAM Symposium on Discrete Algorithms", 
pages="384--393", 
year="2003",
} 

@inproceedings{ys-tpb-02,
  author = {Zishuang (Eileen) Ye and Sean Smith},
  title = "Trusted Paths for Browsers",
  booktitle = "Proc. {USENIX} Security Symp.",
  pages = {263-279},
  year = {2002},
}


@TechReport{ys-tpboss-02b,
  author = {Eileen Ye and Sean Smith},
  title = {Trusted Paths for Browsers: An Open-Source Solution to Web Spoofing},
  institution = {Dartmouth College, Computer Science},
  address = {Hanover, NH},
  type = {Technical Report},
  number = {TR~2002--418},
  year = {2002},
  month = {February},
  URL = {ftp://ftp.cs.dartmouth.edu/TR/TR2002-418.ps.Z}
}


@InProceedings{tmwz-csivis-02,
  author = 	 {Soon Tee Teoh and Kwan-Liu Ma and S. Felix Wu and Xiaoliang Zhao},
  title = 	 {Case Study: Interactive Visualization for Internet Security},
  booktitle = 	 {Proc. IEEE Visualization Conf.},
  year =	 2002
}

@InProceedings{cddmp-vasih-00,
  author = 	 {Andrea Carmignani and Giuseppe {Di Battista} and Walter Didimo and Francesco Matera and Maurizio Pizzonia},
  title = 	 {Visualization of the Autonomous Systems Interconnections with {HERMES}},
  booktitle = 	 {Proc. Symp. Graph Drawing},
  pages =	 {150--163},
  year =	 2002
}

@InProceedings{dr-ausbemv-02,
  author = 	 {Paul Dourish and David Redmiles},
  title = 	 {An Approach to Usable Security Based on Event Monitoring and Visualization},
  booktitle = 	 {Proc. New Security Paradigms Workshop },
  year =	 2002
}


@inproceedings{kan-pecrukht-99,
 author = {Hiroaki Kikuchi and Kensuke Abe and Shohachiro Nakanishi},
 title = {Performance Evaluation of Certificate Revocation Using $k$-valued Hash Tree},
 booktitle = {Proceedings of Second International Workshop on Information
   Security (ISW'99)},
 year = {1999},
 pages = {103--117},
 publisher = {Springer, LNCS 1729},
}

@inproceedings{kan-odscf-99,
 author = {Hiroaki Kikuchi and Kensuke Abe and Shohachiro Nakanishi},
 title = {Optimal Data Structure for Certificate Revocation},
 booktitle = {First Internation Workshop for Asian Public Key Infrastructure (IWAP'99)},
 year = {1999}
}

@inproceedings{kan-pepcrsbht-99,
 author = {Hiroaki Kikuchi and Kensuke Abe and Shohachiro Nakanishi},
 title = {Performance Evaluation of Public-key Certificate Revocation System
   with Balanced Hash Tree},
 booktitle = {Proc. of Internation Workshop on Security (IWSEC'99)},
 year = {1999}
}

@Book{s-ctpse-02,
  author =       {Douglas R. Stinson},
  title =        {Cryptography: Theory and Practice, Second Edition},
  publisher =    {CRC Press Series},
  year =         2002
}

@InProceedings{et-aanlaid-03,
  author = 	 {Robert F. Erbacher and Zhouxuan Teng},
  title = 	 {Analysis and Application of Node Layout Algorithms for Intrusion Detection},
  booktitle = 	 {Proc. SPIE Conf. on Visualization and Data Analysis},
  year =	 2003,
  url =	 {http://www.cs.albany.edu/~erbacher/publications/NodeLayoutsAlgs-SPIE2003.pdf}
}

@InProceedings{tyw-rbcd-04,
  author = 	 {Roberto Tamassia and Danfeng Yao and William H. Winsborough},
  title = 	 {Role-Based Cascaded Delegation},
  booktitle =	 {Proc. ACM Symp. on Access Control Models and Technologies (SACMAT)},
  pages =	{146--155},
  year =	 2004
}


@InProceedings{gst-etrgld-04,
  author = 	 {Michael T. Goodrich and Jonathan Z. Sun and Roberto Tamassia},
  title = 	 {Efficient Tree-Based Revocation in Groups of Low-State Devices},
  booktitle = 	 {Advances in Cryptology -- {CRYPTO}},
  year =	 2004,
  volume =       3152,
  pages=         {511-527},
  editor =       {M. Franklin},
  series =	 {Lecture Notes in Computer Science},
  publisher =	 {Springer-Verlag}
}

@InProceedings{gst-etrgld-04-S,
  author = 	 {Michael T. Goodrich and Jonathan Z. Sun and Roberto Tamassia},
  title = 	 {Efficient Tree-Based Revocation in Groups of Low-State Devices},
  booktitle = 	 {Proc. CRYPTO},
  series =	 {LNCS},
  year =	 2004
}



@InProceedings{csstp-svai-04,
  author = 	 {Sean Cannella and Michael Shin and Christian Straub and Roberto Tamassia and Daniel J. Polivy},
  title = 	 {Secure Visualization of Authentication Information: A Case Study},
  booktitle = 	 {Proc. IEEE Symp. on Visual Languages and Human-Centric Computing},
  pages =        {35-37},
  year =	 2004
}

@InProceedings{t-ads-03,
  author = 	 {Roberto Tamassia},
  title = 	 {Authenticated Data Structures},
  booktitle = 	 {Proc. European Symp. on Algorithms},
  pages =	 {2--5},
  year =	 2003,
  volume =	 2832,
  series =	 {Lecture Notes in Computer Science},
  publisher =	 {Springer-Verlag}
}

@InProceedings{t-ads-03-S,
  author = 	 {Roberto Tamassia},
  title = 	 {Authenticated Data Structures},
  booktitle = 	 {Proc. European Symp. on Algorithms},
  year =	 2003
}

@InProceedings{ps-hvntirws-99,
  author = 		 {Adrian Perrig and Dawn Song},
  title = 		 {Hash Visualization: A New Technique to Improve Real-World Security},
  booktitle = 	 {Proc. Int. Workshop on Cryptographic Techniques and E-Commerce (CrypTEC)},
  pages =        {131--138},
  year =		 1999
}

@TechReport{tp-vvsvmbuhi-04,
  author = 	 {Hongxian Evelyn Tay},
  title = 	 {Visual Validation of {SSL} Certificates in the {Mozilla} Browser using Hash Images},
  institution =  {Carnegie Mellon University},
  year = 	 2004,
  type =	 {CS Senior Honors Thesis},
  note =	 {Adrian Perrig, advisor}
}


@Article{rbd-uatft-01,
  author =       "Ohad Rodeh and Kenneth P. Birman and Danny Dolev",
  title =        "Using {AVL} Trees for Fault Tolerant Group Key Management",
  journal =      "International Journal on Information Security",
  year =         "2001",
  pages =        "84--99"
}

@Article{rbd-uatft-01-S,
  author =       "Ohad Rodeh and Kenneth P. Birman and Danny Dolev",
  title =        "Using {AVL} Trees for Fault Tolerant Group Key Management",
  journal =      "Inter. Journal on Information Security",
  year =         "2001",
  pages =        "84--99"
}


@Misc{Wallner&HA98,
     AUTHOR     = "D. M. Wallner and E. G. Harder and R. C. Agee",
     TITLE      = "{RFC} 2627 -- {K}ey management for multicast: issues and architecture",
     YEAR      = "1998",
     MONTH     = "Sep.",
     }


@Misc{Wallner&HA98-S,
     AUTHOR     = "D. M. Wallner and E. G. Harder and R. C. Agee",
     TITLE      = "{RFC} 2627 -- {K}ey management for multicast: issues and architecture",
     YEAR      = "1998"
     }


@article{Wong&GL00,
     AUTHOR    = "C. K. Wong and M. Gouda and S. S. Lam",
     TITLE     = "Secure group communications using key graphs",
     JOURNAL  = "IEEE/ACM Transactions on Networking",
     YEAR     = "2000",
     VOLUME   = "8",
     NUMBER   = "1",
     PAGES    = "16--30",
     ABSTRACT = {} }

@article{Wong&GL00-S,
     AUTHOR    = "C. K. Wong and M. Gouda and S. S. Lam",
     TITLE     = "Secure group communications using key graphs",
     JOURNAL  = "IEEE/ACM Transactions on Networking",
     YEAR     = "2000",
     VOLUME   = "8",
     NUMBER   = "1"
}

@InProceedings{afgt-sbawcd-05,
  author = 	 {Mikhail J. Atallah and Keith Frikken and Michael T. Goodrich and Roberto Tamassia},
  title = 	 {Secure Biometric Authentication for Weak Computational Devices},
  booktitle = 	 {Proc. Int. Conf. on  Financial Cryptography and Data Security},
  year =	 2005,
  volume =	 3570,
  pages =	 {357-371},
  series =	 {LNCS},
  editor =	 {A. S. Patrick and M. Yung},
  publisher =	 {Springer-Verlag}
}

@InProceedings{gat-iidf-05,
  author = 	 {Michael T. Goodrich and Mikhail J. Atallah and Roberto Tamassia},
  title = 	 {Indexing Information for Data Forensics},
  booktitle = 	 {Proc. Int. Conf. on Applied Cryptography and Network Security (ACNS)},
  pages =	 {206-221},
  year =	 2005,
  editor =	 {John Ioannidis and Angelos Keromytis and Moti Yung},
  volume =	 3531,
  series =	 {LNCS},
  publisher =	 {Springer-Verlag}
}

@InProceedings{gty-adk-05,
  author = 	 {Michael T. Goodrich and Roberto Tamassia and Danfeng Yao},
  title = 	 {{Accredited DomainKeys:} A Service Architecture for Improved Email Validation},
  booktitle = 	 {Proceedings of the Conference on Email and Anti-Spam ({CEAS '05})},
  year =	 2005,
  month = 	 "July",
  location = 	 "Stanford, CA"
}


@InProceedings{jlms-fmtrt-03,
  author = 	 "M. Jakobsson and T. Leighton and S. Micali and M. Szydlo",
  title = 	 "Fractal Merkle Tree Representation and Traversal",
  booktitle =	 "Proc. RSA Conference---Cryptographers' Track",
  year =	 2003,
  volume =       2612,
  series =       "LNCS",
  publisher =    "Springer",
  pages =        "314--326"
}

@inbook{yfdl-full-08
,  author = 	 {D. Yao and N. Fazio and Y. Dodis and A. Lysyanskaya}
, title = "Cryptology and Information Security Series on
Identity-Based Cryptography"
, chapter = "Forward-Secure Hierarchical IBE with Applications to Broadcast Encryption Schemes"
, publisher = "IOS"
, year = 2008
, note = "To appear"
, editor = "Marc Joye and Gregory Neven"
}

@InProceedings{yfdl-ibech-04,
  author = 	 {D. Yao and N. Fazio and Y. Dodis and A. Lysyanskaya},
  title = 	 {{ID}-Based Encryption for Complex Hierarchies with Applications to Forward Security and Broadcast Encryption},
  booktitle = 	 {Proceedings of the ACM Conference on Computer and Communications Security (CCS)},
  pages =	 {354 - 363},
  year =	 2004,
  location = 	 "Washington, DC",
  publisher = "ACM Press"
}


@inproceedings{ytp-iprbcduc-05
, author = "Danfeng Yao and Roberto Tamassia and Seth Proctor"
, title = "On Improving the Performance of Role-Based Cascaded Delegation in Ubiquitous Computing"
, booktitle = "Proc. IEEE/CreateNet Conf. on Security and Privacy for Emerging Areas in Communication Networks (SecureComm)"
, publisher = "IEEE Press"
, pages = "157--168"
, year = 2005
}

@inproceedings{ystw-vatn-05
, author = "Danfeng Yao and Michael Shin and Roberto Tamassia and William H. Winsborough"
, title = "Visualization of Automated Trust Negotiation"
, booktitle = "Proc. Workshop on Visualization for Computer Security (VizSEC)"
, year = 2005
, publisher = "IEEE Press"
, pages = "65--74"
}

@TechReport{tt-adht-05a,
  author =       {Roberto Tamassia and Nikos Triandopoulos},
  title =        {Efficient Content Authentication over Distributed Hash Tables},
  institution =  {Center for Geometric Computing, Brown University},
  note = "Available at {\small{\texttt{http://www.cs.brown.edu/cgc/stms/papers/adht.pdf}}}",
  year =       2005
}

@TechReport{tt-tda-05,
author =       {Roberto Tamassia and Nikos Triandopoulos},
title  =       {A Theoretical Study of Data Authentication},
institution =  {Center for Geometric Computing, Brown University},
note   =       "Available at {\small{\texttt{http://www.cs.brown.edu/cgc/stms/papers/tda.pdf}}}",
year   =       2006
}

@TechReport{tt-tda-06,
author =       {Roberto Tamassia and Nikos Triandopoulos},
title  =       {Certification and Authentication of Data Structures},
institution =  {Center for Geometric Computing, Brown University},
note   =       "Available at {\small{\texttt{http://www.cs.brown.edu/cgc/stms/papers/tda.pdf}}}",
year   =       2006
}
@inproceedings{n-hat-05,
  author    = {Glen Nuckolls},
  title     = {Verified Query Results from Hybrid Authentication Trees.},
  booktitle = {DBSec},
  year      = {2005},
  pages     = {84-98}
  }


@inproceedings{pt-aqr-04,
 author = {HweeHwa Pang and Kian-Lee Tan},
 title = {Authenticating Query Results in Edge Computing},
 booktitle = {Proc. of the 20th Int. Conference on Data Engineering},
 year = {2004},
 pages = {560--571}
 }


@inproceedings{pjrt-vc-05,
 author = {HweeHwa Pang and Arpit Jain and Krithi Ramamritham and Kian-Lee Tan},
 title = {Verifying completeness of relational query results in data publishing},
 booktitle = {Proc. of ACM SIGMOD international conference on Management of data},
 year = {2005},
 isbn = {1-59593-060-4},
 pages = {407--418}
}

@inproceedings{nt-aod-06,
 author = {Maithili Narasimha and Gene Tsudik},
 title = {Authentication of Outsourced Databases Using Signature Aggregation and Chaining},
 booktitle = {Proc. of 11th International Conference on Database Systems for Advanced Applications},
 year = {2006},
 pages = {420--436}
}

@inproceedings{lhkr-dai-06,
 author = {F. Li and M. Hadjieleftheriou and G. Kollios and L. Reyzin},
 title = {Dynamic Authenticated Index Structures for Outsourced Databases},
 booktitle = {Proc. of ACM SIGMOD International Conference on Management of Data},
 year = {2006},
 pages = {121-132}
}

@inproceedings{c-mhf-03,
  author = "D. Clarke and S. Devadas and M. van Dijk and B. Gassend and G. Suh",
  title = "Incremental multiset hash functions and their application to memory integrity
    checking",
  booktitle = {Proc. of 2003 Asiacrypt},
  year = "2003"
}

@inproceedings{c-tcb-05,
 author = {Dwaine Clarke and G. Edward Suh and Blaise Gassend and Ajay Sudan and Marten van Dijk and Srinivas Devadas},
 title = {Towards Constant Bandwidth Overhead Integrity Checking of Untrusted Data},
 booktitle = {Proc. of the 2005 IEEE Symposium on Security and Privacy},
 year = {2005},
 pages = {139--153}
 }

@InProceedings{	  naor-memch05,
  author	= {Moni Naor and Guy N. Rothblum},
  title		= {The Complexity of Online Memory Checking},
  booktitle	= "Proc.\ 46th IEEE Symposium on Foundations of Computer
		  Science (FOCS)",
  year		= 2005
}

@inproceedings{afb-dekmah-05,
 author = {Mikhail J. Atallah and Keith B. Frikken and Marina Blanton},
 title = {Dynamic and efficient key management for access hierarchies},
 booktitle = {CCS '05: Proceedings of the 12th ACM conference on Computer and communications security},
 year = {2005},
 isbn = {1-59593-226-7},
 pages = {190--202},
 location = {Alexandria, VA, USA},
 doi = {http://doi.acm.org/10.1145/1102120.1102147},
 publisher = {ACM Press},
 address = {New York, NY, USA},
 }

@article{at-cspach-83,
 author = {Selim G. Akl and Peter D. Taylor},
 title = {Cryptographic solution to a problem of access control in a hierarchy},
 journal = {ACM Trans. Comput. Syst.},
 volume = {1},
 number = {3},
 year = {1983},
 issn = {0734-2071},
 pages = {239--248},
 doi = {http://doi.acm.org/10.1145/357369.357372},
 publisher = {ACM Press},
 address = {New York, NY, USA},
 }


@InProceedings{ct-facmk-89,
  author = 	 {G. Chick and S. Tavares},
  title = 	 {Flexible access control with master keys},
  booktitle = 	 {Advances in Cryptology (Proc. CRYPTO'89)},
  pages =	 {316-322},
  year =	 1990,
  volume =	 435,
  series =	 {LNCS}
}

@inproceedings{mst-nitbsm-04,
  author = {Tal Moran and Ronen Shaltiel and Amnon Ta-Shma},
  title = {Non-interactive Timestamping in the Bounded Storage Model},
  booktitle = {Proc. CRYPTO},
  year = {2004},
  pages = {460-476}
}
@inproceedings{lkms-sundr-04,
  author    = {Jinyuan Li and
               Maxwell N. Krohn and
               David Mazi{\`e}res and
               Dennis Shasha},
  title     = {Secure Untrusted Data Repository (SUNDR).},
  booktitle = {OSDI},
  year      = {2004},
  pages     = {121-136},
  ee        = {http://www.usenix.org/events/osdi04/tech/li_j.html},
  bibsource = {DBLP, http://dblp.uni-trier.de}
}
@inproceedings{mtg-cpap-rt-07
, author =	"Micheal T. Goodrich and Charalampos Papamanthou and Roberto Tamassia"
, title =	"On the Cost of Persistence and Authentication in Skip Lists"
, booktitle =	"Proc. Int. Workshop on Experimental Algorithms (WEA)"
, year =	2007
, pages =	"94--107"
}
@inproceedings{krswf-pssfsous-03,
 author = {Mahesh Kallahalla and Erik Riedel and Ram Swaminathan and Qian Wang and Kevin Fu},
 title = {Plutus: Scalable Secure File Sharing on Untrusted Storage},
 booktitle = {FAST '03: Proceedings of the 2nd USENIX Conference on File and Storage Technologies},
 year = {2003},
 pages = {29--42},
 location = {San Francisco, CA},
 publisher = {USENIX Association},
 address = {Berkeley, CA, USA},
 }
@inproceedings{rks-affesss-02,
 author = {Erik Riedel and Mahesh Kallahalla and Ram Swaminathan},
 title = {A Framework for Evaluating Storage System Security},
 booktitle = {FAST '02: Proceedings of the 1st USENIX Conference on File and Storage Technologies},
 year = {2002},
 pages = {2},
 location = {Monterey, CA},
 publisher = {USENIX Association},
 address = {Berkeley, CA, USA},
 }
@inproceedings{McGrew-galois-05,
 author = {David McGrew},
 title = {Efficient Authentication of Large, Dynamic Data Sets Using Galois/Counter Mode (GCM)},
 booktitle = {SISW '05: Proceedings of the Third IEEE International Security in Storage Workshop (SISW'05)},
 year = {2005},
 isbn = {0-7695-2537-7},
 pages = {89--94},
 doi = {http://dx.doi.org/10.1109/SISW.2005.3},
 publisher = {IEEE Computer Society},
 address = {Washington, DC, USA},
 }
@inproceedings{sarmenta-monotonic-06,
 author = {Luis F. G. Sarmenta and Marten van Dijk and Charles W. O'Donnell and Jonathan Rhodes and Srinivas Devadas},
 title = {Virtual Monotonic Counters and Count-Limited Objects using a TPM without a Trusted OS},
 booktitle = {STC 06: Proceedings of the 2006 Workshop on Scalable Trusted Computing},
 year = {2006},
 pages = {27--41},
 }
@techreport{pcachin-cshpdfs-06,
title = "Cryptographic security for a high-performance distributed file system",
author = "Roman Pletka and Christian Cachin",
type =        "Technical Report",
institution = "IBM Research",
number = "RZ 3661",
year =        "2006"
}
@inproceedings{oprea-reiter-yand-05,
 author = {A. Oprea and M. K. Reiter and K. Yang},
 title = {Space-efficient block storage integrity},
 booktitle = {Proceedings of the 2005 ISOC Network and Distributed System Security Symposium},
 year = {2005},
 pages = {17--28},
 }
@inproceedings{cataneo-usenix-01,
 author = {Giuseppe Cattaneo and Luigi Catuogno and Aniello Del Sorbo and Pino Persiano},
 title = {The Design and Implementation of a Transparent Cryptographic File System for UNIX},
 booktitle = {Proceedings of the FREENIX Track: 2001 USENIX Annual Technical Conference},
 year = {2001},
 isbn = {1-880446-10-3},
 pages = {199--212},
 publisher = {USENIX Association},
 address = {Berkeley, CA, USA},
 }
@inproceedings{miller-ssfnas-02,
 author = {Ethan L. Miller and Darrell D. E. Long and William E. Freeman and Benjamin Reed},
 title = {Strong Security for Network-Attached Storage},
 booktitle = {FAST '02: Proceedings of the Conference on File and Storage Technologies},
 year = {2002},
 isbn = {1-880446-03-0},
 pages = {1--13},
 publisher = {USENIX Association},
 address = {Berkeley, CA, USA},
 }
@mastersthesis{fu:masters,
Abstract_Url = {http://prisms.cs.umass.edu/~kevinfu/papers/fu-masters.html},
Author = { Kevin Fu},
Keywords = {security;crypto;Operating Systems;thesis},
Month = {May},
Ps_Url = {http://prisms.cs.umass.edu/~kevinfu/papers/fu-masters.ps},
School = {Massachusetts Institute of Technology},
Slides_Url = {http://prisms.cs.umass.edu/~kevinfu/talks/fu-masters-slides.pdf},
Tgz_Url = {http://prisms.cs.umass.edu/~kevinfu/code/csfs_localrepos.tgz},
Title = {Group Sharing and Random Access in Cryptographic Storage File Systems},
Url = {http://prisms.cs.umass.edu/~kevinfu/papers/fu-masters.pdf},
Year = 1999} 
@InProceedings{gsmb-03,
   author = {Eu-Jin Goh and Hovav Shacham and Nagendra Modadugu and Dan Boneh},
   title = {{SiRiUS:} {S}ecuring {R}emote {U}ntrusted {S}torage},
   booktitle = {Proceedings of the Tenth Network and Distributed System Security (NDSS)
   Symposium},
   pages = {131--145},
   year = 2003,
   month = {February},
   publisher = {Internet Society (ISOC)}
}
@inproceedings{blaze-cfsU-93,
 author = {Matt Blaze},
 title = {A cryptographic file system for UNIX},
 booktitle = {CCS '93: Proceedings of the 1st ACM conference on Computer and communications security},
 year = {1993},
 isbn = {0-89791-629-8},
 pages = {9--16},
 location = {Fairfax, Virginia, United States},
 doi = {http://doi.acm.org/10.1145/168588.168590},
 publisher = {ACM Press},
 address = {New York, NY, USA},
 }
@inproceedings{gobioff-99,
 author = {Howard Gobioff and David Nagle and Garth A. Gibson},
 title = {Integrity and Performance in Network Attached Storage},
 booktitle = {ISHPC '99: Proceedings of the Second International Symposium on High Performance Computing},
 year = {1999},
 isbn = {3-540-65969-2},
 pages = {244--256},
 publisher = {Springer-Verlag},
 address = {London, UK},
 }
@inproceedings{wright-03,
 author = {Charles P. Wright and Jay Dave and and Erez Zadok},
 title = {Cryptographic File Systems Performance: What You Don't Know Can Hurt You},
 booktitle = {SISW '03: Proceedings of the Second IEEE International Security in Storage Workshop},
 year = {2003},
 isbn = {0-7695-2059-6},
 pages = {47},
 publisher = {IEEE Computer Society},
 address = {Washington, DC, USA},
 }
@inproceedings{kherkim-05,
 author = {Vishal Kher and Yongdae Kim},
 title = {Securing distributed storage: challenges, techniques, and systems},
 booktitle = {StorageSS '05: Proceedings of the 2005 ACM workshop on Storage security and survivability},
 year = {2005},
 isbn = {1-59593-233-X},
 pages = {9--25},
 location = {Fairfax, VA, USA},
 doi = {http://doi.acm.org/10.1145/1103780.1103783},
 publisher = {ACM Press},
 address = {New York, NY, USA},
 }
@InProceedings{blum-memories-91,
  author =       {M.~Blum and W.~Evans and P.~Gemmell and S.~Kannan and M.~Naor},
  title =        {Checking the Correctness of Memories},
  booktitle =    {Proc. 32nd Symp. Foundations of Computer Science},
  pages =        {90--99},
  year =         1991,
  address =      {San Juan, PR},
  month =        {Oct},
  organization = {IEEE Computer Society},
} 

@inproceedings{ms-iteds-05,
  author    = {Gerome Miklau and
               Dan Suciu},
  title     = {Implementing a Tamper-Evident Database System.},
  booktitle = {Data Management on the Web, Proc. Asian Computing Science Conference},
  publisher = {Springer},
  series    = {Lecture Notes in Computer Science},
  volume    = {3818},
  year      = {2005},
  pages     = {28--48},
  bibsource = {DBLP, http://dblp.uni-trier.de}
}

@inproceedings{knt-ppn-06,
  author    = {Klaus Kursawe and
               Gregory Neven and
               Pim Tuyls},
  title     = {Private Policy Negotiation.},
  booktitle = {Proc. Financial Cryptography and Data Security},
  publisher = {Springer},
  series    = {Lecture Notes in Computer Science},
  volume    = {4107},
  year      = {2006},
  pages     = {81-95},
  bibsource = {DBLP, http://dblp.uni-trier.de}
}

@article{DBLP:journals/jcs/Bhargav-SpantzelSB06,
  author    = {Abhilasha Bhargav-Spantzel and
               Anna Cinzia Squicciarini and
               Elisa Bertino},
  title     = {Establishing and protecting digital identity in federation
               systems},
  journal   = {Journal of Computer Security},
  volume    = {14},
  number    = {3},
  year      = {2006},
  pages     = {269-300}
}

@inproceedings{bsb-epdifs-05,
 author = {Abhilasha Bhargav-Spantzel and Anna C. Squicciarini and Elisa Bertino},
 title = {Establishing and protecting digital identity in federation systems},
 booktitle = {Proc. Workshop on Digital Identity Management},
 year = {2005},
 isbn = {1-59593-232-1},
 pages = {11--19},
 location = {Fairfax, VA, USA},
 doi = {http://doi.acm.org/10.1145/1102486.1102489},
 publisher = {ACM Press},
 address = {New York, NY, USA},
 }


@TechReport{tt-cads-03a,
  author = 	 {Roberto Tamassia and Nikos Triandopoulos},
  title = 	 {On the Cost of Authenticated Data Structures},
  institution =  {Center for Geometric Computing, Brown University},
  year = 	 2003,
  note = "Available at {\small{\texttt{http://www.cs.brown.edu/cgc/stms/papers/costauth.pdf}}}",
  type =	 {Technical Report}
}


@TechReport{tt-adht-05a,
  author = 	 {Roberto Tamassia and Nikos Triandopoulos},
  title = 	 {Efficient Content Authentication over Distributed Hash Tables},
  institution =  {Center for Geometric Computing, Brown University},
  note = "Available at {\small{\texttt{http://www.cs.brown.edu/cgc/stms/papers/adht.pdf}}}",
  year =	 2005
}

@Misc{gtt-das-05,
  author = 	 {Michael T. Goodrich and Roberto Tamassia and Nikos Triandopoulos},
  title = 	 {Load-balanced Distributed Authentication Structures},
  institution =  {Brown University},
  note = 	 {In preparation},
  year =	 2005
}


@TechReport{tt-tda-06,
  title = "A Theoretical Study Of Data Authentication",
  author = "R. Tamassia and N. Triandopoulos",
  note = "Available at {\small{\texttt{http://www.cs.brown.edu/cgc/stms/papers/tda.pdf}}}",
  institution = "Center for Geometric Computing, Brown University",
  year =        "2006"
}


@InProceedings{n-hat-05,
  author =       "Glen Nuckolls",
  title =        "Verified Query Results from Hybrid Authentication Trees",
  booktitle =    "DBSec05",
  year =         2005
}

@Misc{certalgo-man05,
  author	= {Kurt Mehlhorn and Arno Eigenwillig and Kanela Kanegossi and
Dieter Kratsch and Ross McConnel and Uli Meyer and Jeremy Spinrad},
  howpublished	= {Manuscript},
  title		= {Certifying algorithms ({A} paper under construction)},
  year		= {2005},
  note ="Available at~\url{http://www.mpi-sb.mpg.de/~mehlhorn/ftp/CertifyingAlgorithms.pdf}",
}



@inproceedings{mic-oec-05n,
  author    = {Silvio Micali and
               Chris Peikert and
               Madhu Sudan and
               David A. Wilson},
  title     = {Optimal Error Correction Against Computationally Bounded
               Noise},
  booktitle = {Proc. of 2nd Theory of Cryptography Conference (TCC)},
  year      = {2005},
  pages     = {1-16}
}

@inproceedings{baton-05,
 author = {H. V. Jagadish and Beng Chin Ooi and Quang Hieu Vu},
 title = {BATON: a balanced tree structure for peer-to-peer networks},
 booktitle = {VLDB '05: Proceedings of the 31st international conference on Very large data bases},
 year = {2005},
 pages = {661--672},
 location = {Trondheim, Norway},
 publisher = {VLDB Endowment}
 }

@InProceedings{gpt-cpasl-07,
  author = 	 {Michael T. Goodrich and Charalampos Papamanthou and Roberto Tamassia},
  title = 	 {On the Cost of Persistence and Authentication in Skip Lists},
  booktitle = 	 {Proc. Workshop on Experimental Algorithms},
  year =	 2007,
  volume =	 4525,
  series =	 {LNCS},
  publisher =	 {Springer}
}

