@inproceedings{ChaseL06,
  author    = {Melissa Chase and Anna Lysyanskaya},
  title     = {On Signatures of Knowledge.},
  booktitle = {Advances in Cryptology - CRYPTO},
  year      = {2006},
  pages     = {78-96},
  publisher = {Springer},
  series    = {Lecture Notes in Computer Science},
  volume    = {4117}
}
		
@inproceedings{sanders-midwest-06
, title = "Automatic Verification of Distributed and Layered Security Policy Implementation Using the Access Policy Tool"
, author = "Sankalp Singh and David M. Nicol and William H. Sanders"
, booktitle = "3rd Midwest Security Workshop (MSW)"
, location = "University of Illinois, Urbana-Champaign"
, year = 2006
}

@inproceedings{VipinSwarup
, author = "Vipin Swarup and Len Seligman and Arnon Rosenthal"
, title = "Specifying Data Sharing Agreements"
, booktitle = "POLICY 2006"
, pages = "157-162"
, year = 2006
}

@techreport{yoshi-nike-06
, title = "Devices That Tell On You: The {Nike}+i{P}od Sport Kit"
, author = "T. Scott Saponas and Jonathan Lester and Carl Hartung and Tadayoshi Kohno"
, note = " \url{http://www.cs.washington.edu/research/systems/privacy.html}"
, year = 2006
, institution = "University of Washington, Seattle"
}

@techreport{jason
, title = "{HORIZONTAL INTEGRATION}:
	Broader Access Models for Realizing
	Information Dominance"
, key = "j"
, note = "JASON Program Office. \url{http://www.fas.org/irp/agency/dod/jason/classpol.pdf}"
, year = 2004
, institution = "MITRE Corporation"
}

@misc{anonymity-full
, author = "Danfeng Yao and Roberto Tamassia"
, title = "Cascaded Authorization with Anonymous-Signer Aggregate Signatures"
, note = "Brown University Technical Report. April 2006. \url{http://www.cs.brown.edu/people/dyao/anonymity-full.pdf}"
}

@article{anonymity-journal
, author = "Danfeng Yao and Roberto Tamassia"
, title = "Compact and Anonymous Role-Based Authorization Chain"
, journal = "ACM Transactions on Information and System Security (TISSEC)"
, note = "{\em Submitted}"
, month = "June"
, year = 2006
}


@inproceedings{anonymity
, author = "Danfeng Yao and Roberto Tamassia"
, title = "Cascaded Authorization with Anonymous-Signer Aggregate Signatures"
, booktitle = "Proc. IEEE Systems, Man and Cybernetics Information Assurance Workshop (IAW)"
, location = "United States Military Academy, West Point, New York"
, month = "June"
, pages = "84--91"
, year = 2006
}

@article{BonattiS02,
  author    = {Piero A. Bonatti and Pierangela Samarati},
  title     = {A Uniform Framework for Regulating Service Access and Information               Release on the Web.},
  journal   = {Journal of Computer Security},
  volume    = {10},
  number    = {3},
  year      = {2002},
  pages     = {241-272},
  bibsource = {DBLP, http://dblp.uni-trier.de}
}

@inproceedings{cross-domain-pki-02
, author = "Grit Denker and Jonathan K. Millen and Yutaka Miyake"
, title = "Cross-Domain Access Control via PKI"
, booktitle = "POLICY 2002"
, pages = "202-205"
, year = 2002
}

@article{gertz-xml-04
, author = "Premkumar T. Devanbu and Michael Gertz and April Kwong"
, title = " Flexible authentication of {XML} documents"
, journal = " Journal of Computer Security"
, volume = "12(6)"
, pages = " 841-864"
, year = 2004
}																
@inproceedings{aura-network-98
, author = " Tuomas Aura"
, title = "On the structure of delegation networks"
, booktitle = "Proceedings of 11th IEEE Computer Security Foundations Workshop"
, pages = "14-26"
, location = "Rockport, Massachusetts"
, year = 1998
, publisher = "IEEE Computer Society Press"
}

@inproceedings{atn-vis-05
, author = "Danfeng Yao and Michael Shin and Roberto Tamassia and William H. Winsborough"
, title = "Visualization of Automated Trust Negotiation"
, booktitle = "Proceedings of the Workshop on Visualization for Computer Security (VizSEC 2005) in conjunction with Vis 2005 and InfoVis 2005"
, location = "Minneapolis, MN"
, month = "October"
, year = 2005
, publisher = "IEEE Press"
, pages = "65-74"
}
	   
@article{lalana-trust-01
, author = " Lalana Kagal and Tim Finin and Anupam Joshi"
, title = "Trust-Based Security in Pervasive Computing Environments"
, journal = " IEEE Computer"
, month = "December"
, year =  2001
, pages = "154-157"
, volume = "34"
, number =  12
}

@inproceedings{Dimmock-sacmat-04,
  author    = {Nathan Dimmock and
               Andr{\'a}s Belokosztolszki and
               David M. Eyers and
               Jean Bacon and
               Ken Moody},
  title     = {Using trust and risk in role-based access control policies.},
  booktitle = {SACMAT},
  year      = {2004},
  pages     = {156-162}
}

@inproceedings{trust-p2p-05,
 author = {Huu Tran and Michael Hitchens and Vijay Varadharajan and Paul Watters},
 title = {A Trust based Access Control Framework for {P2P} File-Sharing Systems},
 booktitle = {Proceedings of the Proceedings of the 38th Annual Hawaii International Conference on System Sciences (HICSS'05) - Track 9},
 year = {2005},
 pages = {302c},
 publisher = {IEEE Computer Society},
}

@inproceedings{hp-trust-serv
, title = "{T}rust-{S}erv: Model-Driven Lifecycle Management of Trust
Negotiation Policies for Web Services"
, author = "Halvard Skogsrud and Boualem Benatallah and Fabio Casati"
, booktitle = "Proceedings of the 13th international conference on World Wide Web (WWW '04)"
, pages = "53-62"
, year = 2004 
}


@inproceedings{bbk-trust-94
, author = "Thomas Beth and Malte Borcherding and Birgit Klein"
, title = "Valuation of Trust in Open Networks"
, booktitle = "Proceedings of the Third European Symposium on Research in Computer Security (ESORICS '94)"
, month = "November"
, year = 1994
, pages = "3-18"
}


@inproceedings{bbs-proxy-98
, author = " M. Blaze and G. Bleumer and M. Strauss"
, title = "Divertible protocols and atomic proxy cryptography"
, year = 1998
}

@inproceedings{zhou-icscs-05
, author = "L. Zhou and M. A. Marsh and F. B. Schneider and A. Redz"
, title = "Distributed blinding for distributed ElGamal re-encryption"
, year = 2005
, booktitle = "ICDCS '05"
}

@inproceedings{afgh-proxy
, author = "G. Ateniese and K. Fu and M. Green and S. Hohenberger"
, title = "Improved proxy re-encryption schemes with applications to secure distributed storage"
, year = 2005
, booktitle = "Proceedings of  Network and Distributed System Security Symposium (NDSS)"
}

@inproceedings{fiat-shamir-86
, author = "A. Fiat and A. Shamir"
, title = "How to prove yourself: practical solutions to identification and signature problems"
, booktitle = "Proceedings of Advances in Cryptology -- Crypto'86"
, pages = "186-194"
, year = 1986
}

@inproceedings{rbac-www-97
, author = "J. Barkley and A.V. Cincotta and D.F. Ferraiolo and S. Gavrila and D.R. Kuhn"
, title = "Role Based Access Control for the World Wide Web" 
, booktitle = "20th National Computer Security Conference"
, year = 1997 
}

@article{sandhu-lattice-93
, author = "R. S. Sandhu"
, title = "Lattice-based Access Control Models"
, journal = " IEEE Computer"
, volume = "26(11)"
, pages = "9--19"
, month = "November"
, year =  1993
}

@inproceedings{yao-securecomm-05
, author = "Danfeng Yao and Roberto Tamassia and Seth Proctor"
, title = "On Improving the Performance of Role-Based Cascaded Delegation in Ubiquitous Computing"
, booktitle = "Proceedings of IEEE/CreateNet Conference on Security and Privacy for Emerging Areas in Communication Networks (SecureComm '05)"
, location = "Athens, Greece"
, month = "September"
, publisher = "IEEE Press"
, pages = "157-168"
, year = 2005
}

@inproceedings{secure-auction-02
, author = "Makoto Yokoo and Koutarou Suzuki"
, title = "Secure Multi-agent Dynamic Programming based on Homomorphic Encryption and its Application to Combinatorial Auction"
, booktitle = "First joint International Conference on Autonomous Agents and Multiagent Systems (AAMAS-2002)"
, pages = "112-119"
, publisher = "ACM Press"
, year = 2002
, location = "Bologna, Italy"
}
	
	
@inproceedings{peertrust-04
, author = "Wolfgang Nejdl and Daniel Olmedilla and Marianne Winslett"
, title = "{PeerTrust}: Automated Trust Negotiation for Peers on the Semantic Web"
, booktitle = "Secure Data Management '04"
, pages = "118-132"
, year = 2004
}

@inproceedings{samarati-cops-05
, author = "R. Aringhieri and E. Damiani and S. {De Capitani di Vimercati} and P. Samarati"
, title = "Assessing Efficiency of Trust Management in Peer-to-Peer Systems" 
, booktitle = "1st International Workshop on Collaborative Peer-to-Peer Information Systems (COPS '05)"
, year = 2005
}

@misc{patrick-trust-04
, author = "P. L. Trbovich and A. S. Patrick"
, title = "The impact of context upon trust formation in ambient societies"
, note = "Position paper presented at the CHI 2004 Workshop on Considering Trust in Ambient Societies"
, year = 2004
}

@inproceedings{burnside-02
, author = "Matthew Burnside and Dwaine Clarke and Todd Mills and Srinivas Devadas and Ronald Rivest"
, title = "Proxy-based security protocols in networked mobile devices"
, booktitle = "Proceedings of ACM Symposium on Applied Computing (SAC2002)"
, month = "March"
, year = 2002
, pages = {265--272},
      publisher = {ACM Press}
}


@inproceedings{be-short-05
, title = "Collusion Resistant Broadcast Encryption With Short Ciphertexts and Private Keys"
, author = "Dan Boneh and Craig Gentry and Brent Waters"
, booktitle = "Advances in Cryptology -- Crypto '05"
, year = 2005
}

@inproceedings{group-join-05
, title = "Group Signatures with Efficient Concurrent Join"
, author = "Aggelos Kiayias and Moti Yung"
, booktitle = "Advances in Cryptology -- Eurocrypt '05"
, year = 2005
}

@inproceedings{af-ccs-99
, author = "Andrew W. Appel and Edward W. Felten"
, title = "Proof-Carrying Authentication"
, booktitle = "ACM Conference on Computer and Communications Security"
, year = 1999
, pages = "52-62"
}

@Article{lgf03,
  author =       "Ninghui Li and Benjamin N. Grosof and Joan Feigenbaum",
  title =        "{Delegation Logic}: A Logic-based Approach to Distributed Authorization",
  journal =      "ACM Transaction on Information and System Security (TISSEC)",
  year =         "2003",
  pages = 	"128-171", 
  volume = 6, 
  number = 1
}

@inproceedings{mops-ccs-02
, author = "Hao Chen and David Wagner"
, title = "MOPS: an infrastructure for examining security properties of software"
, booktitle = "Proceedings of the ACM Conference on Computer and Communications Security (CCS '02)"
, pages = "235-244"
, year = 2002
}

@article{north-drawing-03
, author = "J. Ellson and E. R. Gansner and L. Koutsofios and S. C. North and G. Woodhull"
, title = "Graphviz and Dynagraph - Static and Dynamic Graph Drawing Tools"
, journal =" Graph Drawing Software"
, editor = "M. Junger and P. Mutzel"
, publisher = "Springer Verlag"
, year = 2003
}		

@inproceedings{wu-vizsec-04
, author = "Soon Tee Teoh and Ke Zhang and Shih-Ming Tseng and Kwan-Liu Ma and S. Felix Wu"
, title = "Combining Visual and Automated Data Mining for Near-Real-Time Anomaly Detection and Analysis in BGP"
, booktitle = "Proceedings of the 2004 ACM Workshop on Visualization and Data Mining for Computer Security (VizSEC/DMSEC-2004)"
, year = 2004
, pages = "35 - 44"
}


@inproceedings{fase-vis-03
, author = "Manuel Koch and  Francesco Parisi-Presicce"
, title = " Visual Specifications of Policies and Their Verification"
, booktitle = "FASE 2003"
, pages = "278-293"
, year = 2003
}

@inproceedings{plenary-01
, author = "S. Papakosta and Cora Burger"
, title = "Generating Interactive Protocol Simulations and Visualizations for Learning Environments"
, booktitle = "4th Plenary Workshop for Cabernet Members"
, location = "Pisa, Italy"
, year = 2001
}

@inproceedings{access-icics-04
, author = "Di Ma and Robert H. Deng and Yongdong Wu and Tieyan Li"
, title = "Dynamic Access Control for Multi-privileged Group Communications"
, booktitle = "Proceedings of Information and Communications Security: 6th International Conference, ICICS '04"
, series = "LNCS"
, volume = "3269"
, pages = "508-519"
, year = 2004
}


@inproceedings{www-trust-04,
author    = {Halvard Skogsrud and
             Boualem Benatallah and
             Fabio Casati},
title     = {Trust-serv: model-driven lifecycle management of trust negotiation
             policies for web services.},
booktitle = {Proceedings of the 13th international conference on World
               Wide Web (WWW '04)},
year      = {2004},
pages     = {53-62}
}

@inproceedings{bz-trust-02
, title = "Authorization Based on Evidence and Trust"
, author = "B. Bhargava and Y. Zhong"
, booktitle = "Proceedings of Data Warehouse and Knowledge Management Conference (DaWak-2002)"
, month = "September"
, year = 2002
}

@misc{dnssec
, key = "dnssec"
, author = "D. Eastlake, 3rd and C. Kaufman"
, title = "Domain Name System Security Extensions" 
, note = "RFC 2065"
, month = "January"
, year = 1997	     
}

@misc{spf-pobox
, key = "spf-pobox"
, note = "SPF: Sender Policy Framework . \url{http://spf.pobox.com/}"
}

@misc{fenton-04
, key = "iim-fenton" 
, author = "J. Fenton and M. Thomas"
, title = "Identified Internet Mail"
, note = "\url{http://www.watersprings.org/pub/id/draft-fenton-identified-mail-01.txt}"
, month = "October"
, year = 2004
}

@misc{iim
, key = "iim"
, note = "Identified Internet Mail. \url{http://www.identifiedmail.com/IIM%20WP_v3.pdf}"
}

@InCollection{Aura99a,
  author = 	 "Tuomas Aura",
  title = 	 "Distributed access-rights management with delegation
		  certificates", 
  booktitle =	 "Secure Internet Programming -- Security Issues for
		  Distributed and Mobile Objects",
  publisher =	 "Springer",
  year =	 1999,
  HIDEeditor =	 "J. Vitek and C. Jensen",
  volume = 	 1603,
  series =	 "LNCS",
  pages = 	 "211--235"
}

@article{bootstrap-04
, author = "K. Ren and T. Li and Z. Wan and F. Bao and R. H. Deng and K. Kim"
, title = "Highly reliable trust establishment scheme in ad hoc networks"
, journal = " Computer Networks"
, volume = 45
, pages = "687-699"
, year = 2004
}

@inproceedings{tb-adhoc-04,
 author = {George Theodorakopoulos and John S. Baras},
 title = {Trust evaluation in ad-hoc networks},
 booktitle = {WiSe '04: Proceedings of the 2004 ACM workshop on Wireless security},
 year = {2004},
 isbn = {1-58113-925-X},
 pages = {1--10},
 location = {Philadelphia, PA, USA},
 doi = {http://doi.acm.org/10.1145/1023646.1023648},
 publisher = {ACM Press},
 }

@inproceedings{egb-trust-02
, author = "L. Eschenauer and V. D. Gligor and J. Baras"
, title = "On Trust Establishment in Mobile Ad-Hoc Networks"
, booktitle = "Proceedings of the Security Protocols Workshop"
, location =" Cambridge, UK"
, month = "April"
, year =  2002
}

@article{sdb-ubitrust-04,
 author = {Brian Shand and Nathan Dimmock and Jean Bacon},
 title = {Trust for ubiquitous, transparent collaboration},
 journal = {Wirel. Netw.},
 volume = {10},
 number = {6},
 year = {2004},
 issn = {1022-0038},
 pages = {711--721},
 doi = {http://dx.doi.org/10.1023/B:WINE.0000044030.65959.91},
 publisher = {Kluwer Academic Publishers},
}

@inproceedings{ggf-oakland-98
, author = "V. D. Gligor and S. I. Gavrila and D. Ferraiolo"
, title = " On the Formal Definition of Separation of Duty Policies and their Composition" 
, booktitle = "Proceedings of the 1998 IEEE Symposium on Security and Privacy"
, month ="May"
, year = 1998
}

@inproceedings{lbt-ccs-04
, title = "On Mutually-Exclusive Roles and Separation of Duty"
, author = "Ninghui Li and Ziad Bizri and Mahesh V. Tripunitara"
, booktitle = "Proceedings of ACM Conference on Computer and Communications Security (CCS)"
, month = "October"
, year = 2004
}

	
@inproceedings{tl-ccs-04
, author = "Mahesh V. Tripunitara and Ninghui Li"
, title = "Comparing the Expressive Power of Access Control Models" 
, booktitle = "Proceedings of the ACM Conference on Computer and Communications Security (CCS)"
, month = "October"
, year = 2004
}

@inproceedings{ad-hoc-group-04
, author = "Yevgeniy Dodis and Aggelos Kiayias and Antonio Nicolosi and Victor Shoup"
, title = "Anonymous Identification in Ad-Hoc Groups"
, booktitle= "Advances in Cryptology - EUROCRYPT '04"
, month = "May"
, year = 2004 	
}

@inproceedings{bf-subset,
 author = {Dan Boneh and Matt Franklin},
 title = {Anonymous authentication with subset queries (extended abstract)},
 booktitle = {CCS '99: Proceedings of the 6th ACM conference on Computer and communications security},
 year = {1999},
 isbn = {1-58113-148-8},
 pages = {113--119},
 location = {Kent Ridge Digital Labs, Singapore},
 doi = {http://doi.acm.org/10.1145/319709.319725},
 publisher = {ACM Press},
 }

@inproceedings{bf-ccs-00,
 author = {Joachim Biskup and Ulrich Flegel},
 title = {Threshold-based identity recovery for privacy enhanced applications},
 booktitle = {CCS '00: Proceedings of the 7th ACM conference on Computer and communications security},
 year = {2000},
 isbn = {1-58113-203-4},
 pages = {71--79},
 location = {Athens, Greece},
 doi = {http://doi.acm.org/10.1145/352600.352611},
 publisher = {ACM Press},
 }


@inproceedings{scp-98,
 author = {Afredo De Santis and Giovanni Di Crescenzo and Giuseppe Persiano},
 title = {Communication-efficient anonymous group identification},
 booktitle = {CCS '98: Proceedings of the 5th ACM conference on Computer and communications security},
 year = {1998},
 isbn = {1-58113-007-4},
 pages = {73--82},
 location = {San Francisco, California, United States},
 doi = {http://doi.acm.org/10.1145/288090.288110},
 publisher = {ACM Press},
 }


@misc{sender-id
, key = "senderid"
, note = "Microsoft Sender ID Framework. \url{http://www.microsoft.com/mscorp/safety/technologies/senderid/default.mspx}"
}

@misc{spf
, author = "Mark Lentczner and Meng Weng Wong"
, title = "Sender policy framework ({SPF}) a convention to describe hosts authorized to send {SMTP} traffic"
, note ="\url{http://www.watersprings.org/pub/id/draft-mengwong-spf-01.txt}"
, month = "May"
, year = 2004
}

@misc{spammer-news
, key = "spammer"
, note ="Spammers use sender authentication too, study says. \url{http://www.computerworld.com/printthis/2004/0,4814,95617,00.html}"
}

@misc{network-mag
, key = "senderidnews"
, note = "E-Mail Authentication Via Sender ID. \url{http://www.networkmagazine.com/shared/article/showArticle.jhtml?articleId=47903211&classroom=}"
}


@misc{lumos
, note = "Project Lumos white paper. \url{http://www.espcoalition.org/lumos_white_paper.php}"
, key = "lumos"
}

@misc{dk-milter
, note = "dk-milter. A DomainKeys implementation. \url{http://sendmail.net/dk-milter/}"
, key ="dk"
}

@misc{dk
, author = "Mark {Delany, Yahoo!, Inc.}"
, key = "dk-draft"
, title = "Domain-based Email Authentication Using Public-Keys
                       Advertised in the {DNS} ({D}omain{K}eys)"
, month = "February"
, year = 2005
, note = "\url{http://www.watersprings.org/pub/id/draft-delany-domainkeys-base-01.txt}"
}

@misc{email-levine-04
, author = "John R. Levine"
, title = "A flexible method to validate {SMTP} senders in {DNS}"
, note ="\url{http://www.watersprings.org/pub/id/draft-levine-fsv-01.txt}"
, month = "April" 
, year =2004
}

@misc{email-sh-04
, author = "M. Stumpf and S. Hoehne"
, title = "Marking mail transfer agents in reverse {DNS} with {TXT} {RR}s"
, note = "\url{http://www.watersprings.org/pub/id/draft-stumpf-dns-mtamark-03.txt}"
, month = "October"
, year = 2004
}

@misc{email-danisch-04
, author = "Hadmut Danisch"
, title = "The {RMX} {DNS} {RR} and method for lightweight {SMTP} sender authorization"
, note = "\url{http://www.watersprings.org/pub/id/draft-danisch-dns-rr-smtp-04.txt}"
, month = "May"
, year = 2004
}

@misc{stms
, note = "{STMS} Architecture Presentation. \url{http://www.algomagic.com/presentations/software-architecture.ppt}"
, key = "S"
}


@inproceedings{active-cq-97
, author = "Roy Campbell and Tin Qian"
, title = "Dynamic Agent-based Security Architecture for Mobile Computers"
, booktitle = "Proceedings of the Second International Conference on Parallel and Distributed Computing and Networks (PDCN'98)"
, month = "December"
, year = 1998
, location = "Australia"
}

@inproceedings{spfe-01
, author = " Ran Canetti and Yuval Ishai and Ravi Kumar and Michael K. Reiter and Ronitt Rubinfeld and Rebecca N. Wright"  
, title = "Selective private function evaluation with applications to private statistics"	 
, booktitle = "Proceedings of the twentieth annual ACM symposium on Principles of distributed computing (PODC '01) "
, location = "Newport, Rhode Island"
, pages =  "293 - 304"   
, year = 2001 
}

@inproceedings{set-intersection-04
, author = "M. Freedman and K. Nissim and B. Pinkas"
, title = "Efficient Private Matching and Set Intersection"
, booktitle = "Advances in Cryptology -- Eurocrypt '04" 
, series = "LNCS"
, volume = 3027
, publisher = "Springer-Verlag"
, pages = "1-19"
, month = "May"
, year = 2004
}

@inproceedings{krank-04
, author = "G. Aggarwal, N. Mishra and B. Pinkas"
, title = "Secure Computation of the K'th-ranked Element"
, booktitle = "Advances in Cryptology -- Eurocrypt '04"
, series = "LNCS"
, volume = 3027
, publisher = "Springer-Verlag"
, pages = "40-55"
, month = "May"
, year = 2004
}

@inproceedings{np-crypto-99
, author = "M. Naor and B. Pinkas"
, title = "Oblivious Transfer with Adaptive Queries"
, booktitle = "Advances in Cryptology - Crypto '99"
, series = "LNCS"
, volume = 1666
, publisher = "Springer-Verlag"
, pages = "573-590"
, month = "August"
, year = 1999
}

@inproceedings{bertino-ccs-02
, author = "Elisa Bertino and Barbara Carminati and Elena Ferrari"
, title = "A temporal key management scheme for secure broadcasting of { XML} documents"
, booktitle = "ACM Conference on Computer and Communications Security (CCS 2002)"
, pages = " 31-40"
, year = 2002
}

@article{bertino-jcs-05
, author = "Elisa Bertino and Elena Ferrari and Giovanni Mella"
, title = "An approach to cooperative updates of {XML} documents in distributed systems"
, journal = "Journal of Computer Security"
, volume = " 13(2)"
, pages = "191-242"
, year =  2005
}
	
@article{gt-rbac-05
, author = "James Joshi and Elisa Bertino and Usman Latif and Arif Ghafoor"
, title = "A Generalized Temporal Role-Based Access Control Model"
, journal = "IEEE Trans. Knowl. Data Eng."
, volume = "17(1)"
, pages = "4-23"
, year = 2005
}

@inproceedings{mediator-free-ccs-05
, author = "Mohamed Shehab and Elisa Bertino and Arif Ghafoor"
, title = "Secure Collaboration in Mediator-Free
Environments"
, booktitle = "Proceedings of the ACM Conference on Computer and Communications Security (CCS '05)"
, year  = 2005
, month = "November"
, location = "Alexandria, VA"
}

@inproceedings{gt-rbac
, author = "Rafae Bhatti and James Joshi and Elisa Bertino and Arif Ghafoor"
, title  = "{X-GTRBAC} admin: a decentralized administration model for enterprise wide access control"
, booktitle = "Proceedings of the ACM Symposium on Access Control Models and Technologies (SACMAT '04)"
, year = 2004 
, pages = "78-86"
}

@inproceedings{ahn-x509
, authors = "Dongwan Shin and Gail-Joon Ahn and Sangrae Cho"
, title = "Role-based EAM Using X.509 Attribute Certificate" 
, booktitle = "Proceedings of Sixteenth IFIP WG 11.3 Working Conference on Data and Application Security"
, location = "King's College, University of Cambridge, UK"
, year = 2002
}

@misc{miracl
, key ="miracl"
, note="{M}ultiprecision {I}nteger and {R}ational {A}rithmetic {C}/{C}++ {L}ibrary ({MIRACL}). \url{http://indigo.ie/~mscott/}"
}

@inproceedings{bs-policy-04
, author = "Moritz Y. Becker and Peter Sewell"
, title = "Cassandra: Distributed Access Control Policies with Tunable Expressiveness"
, booktitle = "POLICY 2004"
, pages = "159-168"
, year = 2004
}

@inproceedings{bb-policy-03
, author = "Vijay G. Bharadwaj and John S. Baras"
, title = "Towards Automated Negotiation of Access Control Policies"
, booktitle = "POLICY 2003" 
, pages = "111-119"
}


@inproceedings{anderson-wspl-04
, author = "Anne H. Anderson"
, title = "An Introduction to the {W}eb {S}ervices {P}olicy {L}anguage ({WSPL}) "
, booktitle = "POLICY '04"
, pages = "189-192"
, year = 2004
}

@misc{wspl-impl
, key = "WSPL"
, note="Web Services Policy Language ({WSPL}) implementation. \url{http://sourceforge.net/projects/openwspl/}"
}

@inproceedings{quasi-02
, author = "Giuseppe Ateniese and Dawn Xiaodong Song and Gene Tsudik"
, title = "Quasi-Efficient Revocation in Group Signatures"
, booktitle = "Financial Cryptography '02"
, pages = "183-197"
, volume    = {2357}
, series = "LNCS"
}

@inproceedings{tx-group-03
, author = "Gene Tsudik and Shouhuai Xu"
, title = "Accumulating Composites and Improved Group Signing"
, booktitle = "Advances in Cryptology --- Asiacrypt '03" 
, pages = "269-286"
, series = "LNCS"
, volume= 2894 
}

@inproceedings{leakfree-04
, author = "Xuhua Ding and Gene Tsudik and Shouhuai Xu"
, title = "Leak-Free Group Signatures with Immediate Revocation"
, booktitle = "ICDCS '04"
, pages = "608-615"
}


@inproceedings{handshake
, author = "D. Balfanz and G. Durfee and N. Shankar and D. Smetters and J. Staddon and H. Wong"
, title = "Secret handshakes from pairing-based key agreements"
, booktitle = "2003 IEEE Symposium on Security and Privacy"
, pages = "180-196"
, year = 2003
, publisher = "IEEE Press"
}

@inproceedings{juels
, author = "A. Juels"
, title = "Trustee Tokens: Simple and Practical Tracing of Anonymous Digital Cash"
, booktitle = "Financial Cryptography '99"
, series = "LNCS"
, pages = "33-43"
, volume = 1648
, publisher = "Springer-Verlag"
, year = 1999
}


@inproceedings{wl-oakland-04
, author = "W. Winsborough and N. Li"
, title = "Safety in Automated Trust Negotiation"
, booktitle = "Proceedings of the 2004 IEEE Symposium on Security and Privacy"
, publisher = "IEEE Press"
, pages = "147-160"
, location = "Oakland, CA"
, month = "May"
, year = 2004
}

@inproceedings{kpw-proxy-97
, author = "S. Kim and S. Park and D. Won"
, title = "Proxy signatures, revisited"
, booktitle = "ICICD '97"
, series = "LNCS"
, volume = 1334
, publisher = "Springer-Verlag"
, pages = "223-232"
, year = 1997
}

@inproceedings{oto-proxy-99
, author = "T. Okamoto and M. Tada and E. Okamoto"
, title = "Extended proxy signatures for smart cards"
, booktitle = "ISW '99"
, series = "LNCS"
, volume = 1729
, pages = "247-258"
, publisher = "Springer-Verlag"
, year = 1999
}

@inproceedings{zk-proxy-03
, author = "Fangguo Zhang and Kwangjo Kim"
, title = "Efficient ID-Based Blind Signature and Proxy Signature from Bilinear Pairings"
, booktitle = "9th Australasian Conference on Information Security and Privacy --- ACISP'03"
, month = "July"
, location = "Wollongong, Australia"
, series = "LNCS"
, volume = 2727
, pages = "312-323"
, publisher = "Springer-Verlag"
, year = 2003
}

@misc{hlw-03
, title = "Quantitative Models for Privacy Protection"
, year = 2003
, author = "Tsan-sheng Hsu and Churn-Jung Liau and Da-Wei Wang and Jeremy K.-P. Chen"
, note = "Technical Report TR-IIS-03-003, Institute of Information Science, Academia Sinica"
}

@inproceedings{kpr-01
, author = "J. Kleinberg and C. Papadimitriou and P. Raghavan"
, title = "On the Value of Private Information"
, booktitle = "8th Conf. on Theoretical Aspects of Rationality and Knowledge"
, year = 2001 
}

@misc{hhlp-02
, title = "The Value of Online Information Privacy: Evidence from the USA and Singapore"
, year = 2002
, author = "Il-Horn Hann and Kai-Lung Hui and and Tom S. Lee and I.P.L. Png"

}

@inproceedings{sj-itrust-04
, author = "Jean-Marc Seigneur and Christian Damsgaard Jensen"
, title = "Trading Privacy for Trust"
, booktitle = "Trust Management: Second International Conference, iTrust '04"
, year = 2004
, volume = 2995
, pages = "93-107"
}

@article{jn-gap-03
, author = "A. Joux and K. Nguyen"
, title = " Seperating Decision {D}iffie-{H}ellman from Computational {D}iffie-{H}ellman in cryptographic groups"
, journal = "Journal of Cryptology"
, volume = 16
, number = 4
, year = 2003
, publisher = "Springer-Verlag"
}

@inproceedings{op-gap-01
, author = "T. Okamoto and D. Pointcheval"
, title = "The gap-problems: a new class of problems
	for the security of cryptographic Schemes"
, booktitle = "PKC '01"
, series = "LNCS"
, volume = 1992
, pages = "104-118"
, publisher = "Springer-Verlag"
, year = 2001
}

@article{muo-96
, author = "M. Mambo and K. Usuda and E. Okamoto"
, title = "Proxy Signature: delegation of the power to sign messages"
, journal = "IEICE Trans. Fundamentals"
, volume = "E79-A"
, number = 9
, month = "September"
, pages = "1338-1353"
, year = 1996
}

@inproceedings{bbs-group-04
, author = "Dan Boneh and Xavier Boyen and Hovav Shacham"
, title = "Short Group Signatures"
, booktitle = "Advances in Cryptology --- Crypto '04"
, series = "LNCS"
, year = 2004
}

@inproceedings{gst-be-04
, author ="M. T. Goodrich and J. Z. Sun and R. Tamassia"
, title = "Efficient tree-based revocation in groups of low-state devices"
, booktitle = "Advances in Cryptology --- Crypto '04"
, series = "LNCS"
, year = 2004
}

@article{rbcd-journal
, author = "Roberto Tamassia and Danfeng Yao and William H. Winsborough"
, title = "Independently Verifiable Administrator-Free Delegation"
, journal = "Journal of Computer Security"
, note = "{\em Submitted}"
, month = "June"
, year = 2006
}

@inproceedings{rbcd
, author = "Roberto Tamassia and Danfeng Yao and W. H. Winsborough"
, title = "Role-Based Cascaded Delegation"
, booktitle = "Proceedings of the ACM Symposium on Access Control Models and Technologies (SACMAT '04)"
, publisher = "ACM Press"
,pages ="146 - 155"
,year = 2004
,location = "Yorktown Heights, NY"
,month = "June"
}

@inproceedings{czk03
, author = "Xiaofeng Chen and Fangguo Zhang and Kwangjo Kim"
, title = "A New {ID}-Based Group Signature Scheme from Bilinear Pairings"
, booktitle = "Proceedings of  International Workshop on Information Security Applications (WISA) 2003"
, series = "LNCS"
, volume = 2908
, editor = "Kijoon Chae and Moti Yung"
, publisher = "Springer"
, pages = "585-592"
, month="August"
, year = 2003
, location = "Jeju Island, Korea"
}

@inproceedings{chaum91
, author = "D. Chaum and E. van Heijst"
, title = "Group signatures"
, booktitle = "Advances in Cryptology --- Eurocrypt '91"
, pages ="257-265"
, publisher = "Springer-Verlag"
, year = 1991
}

@inproceedings{acjt00
, author = "Giuseppe Ateniese and Jan Camenisch and Marc Joye and Gene Tsudik"
, title = " A Practical and Provably Secure Coalition-Resistant Group Signature Scheme "
, booktitle = "Advances in Cryptology --- CRYPTO '00"
, pages = "255-270"
, volume = "1880"
, series ="LNCS"
, publisher = "Springer Verlag"
, year = 2000
}

@inproceedings{usexacml
, title = "First Experiences Using {XACML} for Access Control in Distributed Systems"	
, author = "Markus Lorch and Seth Proctor and Rebekah Lepro and Dennis Kafura and Sumit Shahi"
, booktitle="Proceedings of the ACM Workshop on {XML} Security 2003"
, pages = "25-37"
, year = 2003
, month="October"
}

@article{qcm
, author = "Carl A. Gunter and Trevor Jim"
, title = "Policy-directed certificate retrieval"
, journal = "Software: Practice and Experience"
, volume = 30
, issue = 15
, pages = "1609-1640"
, month = "September"
, year = 2000
}

@inproceedings{sd3
, author = "Trevor Jim"
, title = "{SD3}: A trust management system with certified evaluation"
, booktitle = "Proceedings of the 2001 IEEE Symposium on Security and Privacy"
, pages = "106-115"
, publisher = "IEEE Computer Society Press"
, month = "May"
, year = 2001
}

@article{rsa
, author = "R. Rivest and A. Shamir and L. Adleman"
, title = "A method for obtaining digital signatures and public key cryptosystems"
, journal = "Commun. ACM"
, volume = 21
, pages = "120-126"
, year = 1978
}

@misc{dsa
, key = "dsa"
, title = "{FIPS} 186-2 {D}igital signature standard"
, year = 2000
}

@misc{smart-card
, author = "DATAKEY"
, title = "The Model 330{J} Smart Card White Paper"
, note = "\url{http://www.datakey.com/resource/whitePapers/Model330JWhitePaperV1.pdf}"
}

@book{ross
, author = "Ross Anderson"
, title = "Security Engineering: A Guide to Building Dependable Distributed System"
, publisher = "Wiley"
, year = 2001
, pages = 289
}

@inproceedings{short-sig
, author = "D. Boneh and B. Lynn and H. Shacham"
, title = "Short signatures from the {Weil} pairing"
, booktitle = "Advances in Cryptology --- Asiacrypt '01"
, series = "LNCS"
, pages = "514-532"
, volume = 2248
, publisher = "Springer-Verlag"
, year = 2001
}

@article{agg-survey
, author = "D. Boneh and C. Gentry and B. Lynn and H. Shacham"
, title = "A Survey of Two Signature Aggregation Techniques"
, journal = "CryptoBytes"
, volume = 6
, Number = 2
, year = 2003
}

@misc{barreto-bls
, author = "P. {S. L. M.} Barreto"
, note = "C++ implementation of BLS short signature scheme"
}

@inproceedings{eff-pairing
, author = "P. {S. L. M.} Barreto and H. Y. Kim and B. Lynn and M. Scott"
, title = "Efficient algorithms for pairing-based cryptosystems"
, booktitle = "Advances in Cryptology --- Crypto '02"
, series = "LNCS"
, pages = "354-368"
, volume = "2442"
, publisher = "Springer-Verlag"
, year = 2002
, url = "\url{http://eprint.iacr.org/2002/008/}"
}

@inproceedings{role-cascade-98
, author = "N. Nagaratnam and Doug Lea"
, title = "Secure Delegation for Distributed Object Environments"
, booktitle = "Proceedings of the 4th USENIX Conference on Object-Oriented Technologies and Systems (COOTS)"
, location = "Santa Fe, New Mexico"
, month = "April"
, year = 1998
}

@inproceedings{cascaded-88
, author = "Karen R. Sollins"
, title = "Cascaded authentication"
, booktitle = "Proceedings of 1988 IEEE Symposium on Security and Privacy"
, pages = "156-163"
, year = 1988
, month = "April"
}

@inproceedings{vara-91
, author = "V. Varadharajan and P. Allen and S. Black"
, title = "An Analysis of the Proxy Problem in Distributed Systems"
, booktitle = "Proceedings of  1991 IEEE Symposium on  Security and Privacy"
, pages = "255-275"
, year = 1991
}

@inproceedings{neuman-93
, author = "B. C. Neuman"
, title = "Proxy-based Authentication and Accounting for Distributed Systems"
, booktitle = "International Conference on Distributed Computing Systems"
, pages = "283-291"
, year = 1993
}




@inproceedings{hidden
, author = "J. Holt and R. Bradshaw and K. E. Seamons and H. Orman"
, title = "Hidden Credentials"
, booktitle = "Proceedings of the 2nd ACM Workshop on Privacy in the Electronic Society (WPES)"
, pages = "1-8"
, location = "Washington, DC"
, month = "October"
, year = 2003
}

@inproceedings{girault-91
, author = "M. Girault"
, title = "Self-certified public keys"
, booktitle = "Advances in Cryptology --- Eurocrypt '91"
, series = "LNCS"
, volume = 547
, pages = "490-497"
, publisher = "Springer" 
, year = 1991
}


@inproceedings{pbdm-sandhu-03
, author = " Xinwen Zhang and Sejong Oh and Ravi Sandhu"
, title = "{PBDM}: A flexible Delegation Model in {RBAC}"
, booktitle = "Proceedings of the ACM Symposium on Access Control Models and Technologies"
, pages = "149 - 157"   
, year = 2003
, publisher = "ACM Press"
}

@inproceedings{domain-ibe-03
, author = "D.K. Smetters and Glenn Durfee"
, title = "Domain-based administration of identity-based cryptosystems for secure email and ipsec"
, booktitle = "Proceedings of the 12th USENIX Security Symposium"
, location = "Washington, DC"
, year = 2003
}

@article{schnorr-91
, author = "C. P. Schnorr"
, title = "Efficient Signature generation by smart cards"
, journal = "Journal of Cryptology"
, volume = 4
, pages = "161-174"
, year = 1991
}


@inproceedings{del-rbac-00
, author = "E. Barka and R. Sandhu "
, title = "Framework for role-based delegation models"
, booktitle = "Proceedings of the 16th Annual Computer Security Applications Conference (ACSAC'00) "
, month = "December"
, location = "New Orleans, Louisiana "
, year = 2000
}

@inproceedings{nice-p2p
, author  = "Seungjoon Lee and Rob Sherwood and Bobby Bhattacharjee"
, title = "Cooperative Peer Groups in {NICE}"
, booktitle = "IEEE Infocom 2003"
, month = "April"
, location ="San Francisco, CA, USA"
, year = 2003
}

@inproceedings{bonatti-00
, author = "P. Bonatti and P. Samarati"
, title = "Regulating services access and information release on the web"
, booktitle = "Proceedings of the Conference on Computer and communication security"
, location = "Athens, Greece"
, month = "November"
, year = 2000
}


@inproceedings{disclosure-99
, author = "William H. Winsborough and K. Seamons and V. Jones"
, title = "Negotiating disclosure of sensitive credentials"
, booktitle = "Second conference on security in communication networks"
, location = "Amalfi, Italy"
, month  = "September"
, year = 1999
}

@inproceedings{prunes-00
, author = "T. Yu and X. Ma and M. Winslett"
, title = "{PRUNES}: An efficient and complete strategy for automated trust negotiation over the internet"
, booktitle = "Proceedings of the ACM Conference on Computer and Communications Security (CCS)"
, location = "Athens, Greece"
, month = "November"
, year = 2000
, pages = "210-219"
}

@inproceedings{protect-atn-02
, author = "William H. Winsborough and Ninghui Li"
, title = "Protecting Sensitive Attributes in Automated Trust Negotiation"
, booktitle = "Proceedings of ACM Workshop on Privacy in the Electronic Society (WPES)"
, publisher = "ACM Press"
, year = 2002
}

@misc{rt-03
, author = "Ninghui Li and John C. Mitchell"
, title = "{RT}: A Role-based Trust-management Framework"
, booktitle = "The Third DARPA Information Survivability Conference and Exposition (DISCEX III)"
, location = "Washington, D.C."
, month = "April"
, year = 2003
}
 
 
@article{cred-chain-03
, author = "Ninghui Li and William H. Winsborough and John C. Mitchell"
, title = "Distributed Credential Chain Discovery in Trust Management"
, journal = "Journal of Computer Security"
, volume = 11
, number = 1
, pages = "35-86"
, month = "February"
, year = 2003
}

@inproceedings{practical-atn-02
, author = "William H. Winsborough and Ninghui Li"
, title = "Towards Practical Automated Trust Negotiation"
, booktitle = "Proceedings of the Third International Workshop on Policies for Distributed Systems and Networks (POLICY 2002)"
, month = "June"
, publisher = "IEEE Computer Society Press"
, pages = "92-103"
, year = 2002
}


@inproceedings{gentry-cbe-03
, author =  "Craig Gentry"
, title = "Certificate-Based Encryption and the Certificate Revocation Problem"
, booktitle = "Advances in Cryptology --- Eurocrypt '03"
, volume = 2656 
, series = "LNCS"
, pages = "272-293"
, year = 2003
}



@inproceedings{agg-sig-03
, author = "Dan Boneh and  Craig Gentry and Ben Lynn and Hovav Shacham"
, title = "Aggregate and Verifiably Encrypted Signatures from Bilinear Maps"
, booktitle = "Advances in Cryptology --- Eurocrypt '03"
, pages = " 416-432"
, year = 2003
}



@inproceedings{token-dele-95
, author = "Yun Ding and Patrick Horster and Holger Petersen"
, title = "A new approach for delegation using hierarchical delegation tokens"
, booktitle = "2nd Int. Conference on Computer and Communications Security"
, publisher = "Chapman and Hall"
, pages = "128 - 143"
, year = 1996
}


@inproceedings{cbac-02
, author = "Eve Cohen and Roshan K. Thomas and William H. Winsborough and Deborah Shands"
, title = "Models for coalition-based access control ({CBAC})"
, booktitle = "Proceedings of the ACM Symposium on Access Control Models and Technologies"
, pages = "97-106"
, year = 2002
}

@inproceedings{privacy-00
, author = "Takamichi Saito and Kentaro Umesawa and Hiroshi G. Okuno "
, title = "Privacy-Enhanced Access Control by {SPKI} and Its Application to Web Server "
, booktitle = "IEEE 9th International Workshops on Enabling Technologies: Infrastructure for Collaborative Enterprises (WET ICE'00)"
, location = "Gaithersburg, Maryland "
, month = "March"
, year = 2000
}

@inproceedings{DIMEDAC-99
, author = "I. Mavridis and  G. Pangalos, M. Khair and L. Bozios"
, title = "Defining Access Control Mechanisms for Privacy Protection in Distributed Medical Databases"
, booktitle = "Proceedings of IFIP Working Conference on User Identification and Privacy Protection"
,location = " Stockholm, Sweden"
, month  = "June"
, year = 1999
}

@inproceedings{IB-mRSA-03
, author = "Xuhua Ding and  Gene Tsudik"
, title = "Simple Identity-Based Cryptography with Mediated {RSA}"
, booktitle = "CT-RSA"
, year = 2003
, pages = "193-210"
}

@inproceedings{mRSA-01
, author = "Dan Boneh and   Xuhua Ding and   Gene Tsudik  and  Chi Ming Wong"
, title = "A Method for Fast Revocation of 
Public Key Certificates and Security Capabilities"
, booktitle = "Proceedings of the 10th USENIX Security Symposium"
, location = "Washington, D.C."
, month = "August"
, year = 2001
}

@misc{akenti-99
, author = "M. Thompson and W. Johnston and  S. Mudumbai and  G. Hoo and k. Jackson and A. Essiari"
, title = " Certificate-Based Access Control For Widely Distributed Resources"
, note = "\url{http://citeseer.nj.nec.com/thompson99crertificatebased.html}"
, year = 1999
}

@inproceedings{flexible-01
, author = "C. K. Georgiadis and I. Mavridis and  G.  Pangalos and R. K. Thomas"
, title = "Flexible team-based access control using contexts"
, booktitle = "Proceedings of the ACM Symposium on Access Control Models and Technologies"
, pages = " 21-27"
, year = 2001
}

@misc{Shibboleth
, key ="shibboleth"
, note = "{S}hibboleth. \url{http://middleware.internet2.edu/shibboleth/}"
}

@misc{ms-drm
, author = "Microsoft {DRM}" 
, note = "\url{http://www.microsoft.com/windows/windowsmedia/drm.asp}"
}

@misc{ibm-emms
, author = "{IBM EMMS}"
, note = "\url{http://www-3.ibm.com/software/data/emms/}"
}

@inproceedings{summer-drm
, author = "C. N. Chong and R. van Buuren and P. H. Hartel and G. Kleinhuis"
, title = " Security Attributes Based Digital Rights Management "
, booktitle = "IDMS/PROMS 2002"
, pages = " 339-352"
, year = 2002
}

@inproceedings{dec-trust-96
, author = "Matt Blaze and  Joan Feigenbaum and Jack Lacy"
, title = "Decentralized Trust Management"
, booktitle = "Proceedings of the 1996 IEEE Symposium on Security and Privacy"
, year = 1996
, pages = "164-173"
, publisher = "IEEE Computer Society Press"
, month = "May"
}


@inproceedings{shamir-ide-94
, author = "A. Shamir"
, title = "Identity-based Cryptosystems and Signature Schemes"
, booktitle = "Advances in Cryptology -- Crypto '84"
, nickname = "Crypto '84"
, series = "LNCS"
, volume = 196 
, year = "1984"
, publisher = "Springer"
, pages = "47-53"
}

@article{sandhu-rbac-96
, author = "R. S. Sandhu and E. J. Coyne and  H. L. Feinstein and C. E. Youman"
, title = " Role-Based Access Control Models"
, journal = " IEEE Computer"
, volume = "29, Number 2"
, year = 1996
, pages = "38-47"
} 

@inproceedings{auth-dict-01
, author = "M. T. Goodrich and R. Tamassia and A. Schwerin"
, title = " Implementation of an Authenticated Dictionary with Skip Lists and Commutative Hashing"
, booktitle = "Proceedings of DARPA Information Survivability Conference and Exposition -- DISCEX '01"
, publisher = " IEEE Press"
, volume = 2
, pages= "68-82"
, year =  2001
}


@inproceedings{dewan-collab-92
, author = "H. Shen and P. Dewan"
, title = " Access Control for Collaborative Environments"
, booktitle = "CSCW '92"
, pages = " 51-58"
, year = 1992
}

@inproceedings{dRBAC-02
, author = "E. Freudenthal and T. Pesin and L. Port and E. Keenan and V. Karamcheti"
, title = " d{RBAC}: Distributed Role-based Access Control for Dynamic Coalition Environments"
, booktitle =" ICDCS 2002"
, pages = " 411-420"
, year = 2002
}

@inproceedings{rbac-hybrid-00
, author = "C. Georgiadis and I. Mavridis and G. Pangalos"
, title = " Context and Role Based Hybrid Access Control for Collaborative Environments"
, booktitle = "Proceedings of the Fifth Nordic Workshop on Secure IT Systems - Encouraging Co-operation (NORDSEC 2000)"
, year = 2000
}

@inproceedings{user-auth-01
, author = "I. Mavridis and G. Pangalos"
, title = " Determining User Authorizations in Dristributed Database Systems"
, booktitle = "Proceedings of the 8th Panhellenic Conference on Informatics"
, year = 2001
}

@inproceedings{dis-meddb-98
, author = "M. Khair and I. Mavridis and G. Pangalos"
, title = " Design of secure distributed medical database system"
, booktitle = "Database and EXpert systems Applications -- DEXA '98"
, year =  1998
}

@inproceedings{access-med-00
, author = "U. Nitsche and S. Teufel"
, title = " Secure Access to Medical Data over the Internet"
, booktitle = " European Conference on Information Systems ECIS 2000"
, year = 2000
}
 
@inproceedings{xml-sig-02
, author = "D. J. Polivy and R. Tamassia"
, title = " Authenticating Distributed Data using Web Services and {XML} Signatures"
, booktitle = "ACM Workshop on {XML} Security"
, publisher = "ACM Press"
, year =  2002
}

@inproceedings{dyn-accum-02
, author = "M. T. Goodrich and R. Tamassia and J. Hasi$\acute{\mbox{c}}$" 
, title = "An Efficient Dynamic and Distributed Cryptographic Accumulator"
, booktitle = "Proceedings of  Information Security Conference -- ISC 2002"
, series = "LNCS"
, volume = 2433
, publisher = "Springer-Verlag"
,  pages = " 372-388"
, year =  2002
}

@inproceedings{naor-cert-98
, author = "M. Naor and K. Nissim"
, title = " Certificate Revocation and Certificate Update"
, booktitle = "Proceedings of the 7th USENIX Security Symposium"
,  pages =  "217-228"
, year = 1998
}

@inproceedings{persis-dict-01
, author = "A. Anagnostopoulos and M. T. Goodrich and R. Tamassia"
, title = " Persistent Authenticated Dictionaries and Their Applicaitons"
, booktitle = "Proceedings of Information Security Conference -- ISC 2001"
, series = " LNCS"
, volume = 2200
, publisher = "Springer-Verlag"
,  pages =" 379-393"
, year =  2001
}

@techreport{nickos-graph-02
, author = " M. T. Goodrich and R. Tamassia and N. Triandopoulos and R. Cohen"
, title = " Authenticated Data Structures for Graph and Geometric Searching"
, institution = "Center for Geometric Computing, Brown University"
, year = 2002
}
 
@inproceedings{auth-pub-01
, author = "C. Martel and G. Nuckolls and M. Gertz and P. Devanbu and A. Kwong and S. G. Stubblebine"
, title = " A General Model for Authentic Data Publication"
, booktitle =  "UC Davis Student Workshop on Computing"
, year =  2001
}

@inproceedings{auth-xml-01
, author = "P. Devanbu and M. Gertz and  A. Kwong and  C. Martel and G. Nuckolls and S. G. Stubblebine"
, title = " Flexible Authentication of {XML} Documents"
, booktitle = "Proc. ACM Conf. on Computer and Communications Security"
, pages = "136--145"
, year = 2001
}

@article{third-party-jcs-03
, author = "P. Devanbu and M.  Gertz and  C. Martel and  S. Stubblebine"
, title = "Authentic Third-Party Data Publication"
, journal = "Journal of Computer Security"
, volume = "11(3)"
, year = 2003
}

@inproceedings{auth-third-00
, author = "P. Devanbu and M. Gertz and C. Martel and S. G. Stubblebine"
, title = " Authentic Third-party Data Publication"
, booktitle = "DBSec"
, pages = "101-112"
, year = 2000
}

@inproceedings{digi-tic-98
, author = "K. Fujimura and Y. Nakajima"
, title = " General-purpose Digital Ticket Framework"
, booktitle = " Proceedings of the 3rd USENIX Workshop on Electronic Commerce"
, year = 1998
}

@inproceedings{digi-circ-99
, author = "K. Fujimura and H. Kuno and M. Terada"
, title = " Digital-ticket-controlled Digital Ticket Circulation"
, booktitle = "Proceedings of the 8th USENIX Security Symposium"
, year = 1999
}

@inproceedings{akenti-policy-02
, author = "M. R. Thompson and S. Mudumbai and A. Essiari and W. Chin"
, title = " Authorization Policy in a {PKI} Environment"
, booktitle = " In {\it 1st Annual PKI Research Workshop}"
, note = "\url{http://www.cs.dartmouth.edu/~pki02/Thompson/index.shtml}"
, year = 2002
}

@inproceedings{rt-trust-02
, author = "N. Li and J. C. Mitchell and W. H. Winsborough"
, title= "Design of a Role-based Trust-management Framework"
, booktitle = "Proceedings of IEEE Symposium on Security and Privacy"
, pages = "114-130"
, year =  2002
}

@inproceedings{modular-auth-03
, author = "Horst F. Wedde  and Mario Lischka"
, title = "Cooperative role-based administration"
, booktitle = "Proceedings of the eighth ACM symposium on Access control models and technologies"
, location = "Como, Italy"
, pages = "21-32"
, publisher = "ACM Press"
, year = 2003
}

@inproceedings{modular-auth-01
, author = "H. F. Wedde and M. Lischka"
, title = " Modular Authorization"
, booktitle = "Proceedings of the  ACM symposium on Access control models and technologies"
, pages = "97-105"
, year =  2001
}

@inproceedings{keynote-ipsec-02
, author = "M. Blaze and J. Ioannidis and A. D. Keromytis"
, title = " Trust Management for IPsec"
, booktitle = "TISSEC"
, volume =  "5(2)"
, pages = "95-118"
, year =  2002
}

@inproceedings{graph-aura-99
, author = "Tuomas Aura"
, title = "Comparison of graph-search algorithms for authorization verification in delegation networks"
, booktitle = "2nd Nordic Workshop on Secure Computer Systems NORDSEC'97"
, location = "Espoo, Finland"
, month = "November"
, year = 1997
}


@inproceedings{dele-cert-99
, author = "Tuomas Aura"
, title = "Distributed Access-Right Management with Delegation Certificates"
, booktitle = "Secure Internet Programming"
, pages = "211-235"
, year = 1999
}

@inproceedings{RBAC-web-01
, author = "J. S. Park and R. Sandhu and G.-J. Ahn"
, title = "Role-Based Access Control on the Web"
, booktitle = "ACM Transactions on Information and Systems Security"
, volume =  "4(1)"
, year =  2001
}

@inproceedings{felten-flexac-02
, author = "L. Bauer and M. A. Schneider and E. W. Felten"
, title = " A General and Flexible Access-Control System for the Web"
, booktitle = "Proceedings of USENIX Security Symposium"
, pages = "93-108"
, year = 2002
}

@inproceedings{rb-security-96
, author = "N. Yialelis and E. Lupu and M. Sloman"
, title = " Role-Based Security for Distributed Object Systems"
, booktitle = "5th International Workshops on Enabling Technologies: Infrastructure for Collaborative Enterprises -- WET ICE'96"
, pages =  "80-85"
, year = 1996
} 

@inproceedings{role-hierarchy-01
, author = "R. A. Botha and J. H.P. Eloff"
, title = " Designing Role Hierarchies for Access Control in Workflow Systems"
, booktitle = "25th Annual International Computer Software and Applications Conference -- COMPSAC'01"
, pages =  "117-122"
, year = 2001
}

@inproceedings{oasis-01
, author = "J. Bacon and K. Moody and W. Yao"
, title = "Access Control and Trust in the Use of Widely Distributed Services"
, booktitle = "Middleware 2001"
, series = "LNCS"
, volume = 2218
, pages = "295-310"
, publisher = "Springer"
, year = 2001}

@inproceedings{arch-oasis-00
, author = "J. H. Hine and W. Yao and J. bacom and K. Moody"
, title = " An Architecture for Distributed {OASIS} Services"
, booktitle = "Middleware"
, pages = "104-120"
, year = 2000
}

@inproceedings{meta-drbac-00
, author = "Andr$\acute{\mbox{a}}$s Belokosztolszki and Ken Moody "
, title = "Meta-Policies for Distributed Role-Based Access Control Systems"
, booktitle = "Policy 2002: IEEE 3rd International Workshop on Policies for Distributed Systems and Networks"
, pages = "106-115" 
, month = "June"
, year = 2002}

@misc{saml
, author = "{SAML}"
, note = " \url{http://xml.coverpages.org/SAML-TechOverview20v03-11511.pdf}"
, year = 2005
, title = "{S}ecurity {A}ssertion {M}arkup {L}anguage
({SAML)} 2.0 Technical Overview"
, month = "February"
}

@misc{xacml
, key = "xacml"
, note = "eXtensible Access Control Markup Language (XACML). \url{http://www.oasis-open.org/committees/xacml/} and \url{http://sunxacml.sourceforge.net/}"
}

@misc{xrml
, author = "{XrML}"
, note = "\url{http://www.xrml.org/}"
}

@inproceedings{levy-id-02
, author = "I. Levy"
, title = " Identifier Based {PKC} - Potential Applications"
, booktitle = "1st Annual PKI Research Workshop"
, note = "\url{http://www.cs.dartmouth.edu/~pki02/Levy/slides.pdf}"
, year = 2002
}

@inproceedings{kuhn-rbac-92
, author = "D. Ferraiolo and R. Kuhn"
, title= "Role-Based Access Control"
, booktitle = "Proceedings of the 15th National Computer Security Conference"
, year = 1992
}

@inproceedings{rbac-www-97
, author = "J. F. Barkley and A. V. Cincotta and  D. Ferraiolo  and S. Gavrilla and D. R. Kuhn"
, title = " Role Based Access Control for the World Wide Web"
, booktitle = "20th National Computer Security Conference"
, year = 1997
}

@inproceedings{nist-rbac-00
, author = "R. Sandhu and D. Ferraiolo and R. Kuhn"
, title = " The {NIST} Model for Role-Based Access Control Towards a Unified Standard"
, booktitle = "Proceedings of the ACM Workshop on Role-Based Access Control"
, pages = "47-63"
, year = 2000
}

@article{spki-sdsi-01
, author = "D. Clarke and J-E. Elien and C. Ellison and M. Fredette and A. Morcos and R. L. Rivest"
, title = " Certificate Chain Discovery in {SPKI/SDSI}"
, journal = "Journal of Computer Security"
, volume = " 9(4)"
, pages = "285-322"
, year = 2001
}

@inproceedings{spki-dele-02
, author = "$\acute{\mbox{O}}$. C$\acute{\mbox{a}}$novas and A. F. G$\acute{\mbox{o}}$mez"
, title = "A Distributed Credential Management System for {SPKI}-based
Delegation Systems"
, booktitle = "Proceedings of the 1st Annual PKI Research Workshop"
, year = 2002
, month = "April"
}

@inproceedings{keynote-98
, author = "M. Blaze and J. Feigenbaum and A. D. Keromytis" 
, title = "{KeyNote}: Trust Management for Public-key Infrastructures"
, booktitle = "Proceedings of Security Protocols International Workshop"
, year = 1998
}

@misc{keynote-rfc
, author = " M. Blaze and J. Feigenbaum and J. Ioannidis"
, title = "The {KeyNote} Trust-Management System"
, note = " Version 2. \url{http://www.cis.upenn.edu/~keynote/Papers/rfc2704.txt}"
}

@misc{xml
, author = "Extensible Markup Language"
, note = "\url{http://www.w3.org/XML}"
}

@misc{spki-rfc
, author = "C. Ellison and B. Frantz and B. Lampson and R. Rivest and B. Thomas and T. Yloenen"
, title = " Simple Public Key Certificate"
, note = "\url{http://www.ietf.org/rfc/rfc2693.txt}"
}

@misc{rivest-sdsi
, author = "R. L. Rivest and B. Lampson"
, title = "{SDSI} - a simple distributed security infrastructure"
, note = "\url{http://theory.lcs.mit.edu/~rivest/sdsi10.ps}"
}

@book{network-sec
, author = "C. Kaufman and R. Perlman and M. Speciner"
, title = "Network Security: Private Communication in a Public World"
, publisher = "Prentice-Hall, Englewood Cliffs, NJ"
, year =  1995
}

%\item
%Z. Nochta, P. Ebinger, and S. Abeck. PAMINA: A Certificate Based Privilege Management System. In {\it Proc. of Network and Distributed System Security Symposium}, 2002.

@inproceedings{cert-prog
, author = "J. DeTreville"
, title = " Making Certificate Programmable"
, booktitle = "1st Annual PKI Research Workshop"
, year =  2002
, note = "\url{http://www.cs.dartmouth.edu/~pki02/DeTreville/paper.pdf}"
}

@misc{intertrust
, author = "Intertrust"
, note = "\url{http://www.intertrust.com/main/technology/toolkits.html}"
}

@misc{ge-portal
, author = "{GE} Centricity Portal"
, note = "\url{http://www.gemedicalsystems.com/it\_solutions/clinical/centricity\_portal.html}"
}

@inproceedings{eMEDAC
, author = "I. Mavridis and G. Pangalos and M. Khair"
, title = "{eMEDAC}: Role-based Access Control Supporting Discretionary and Mandatory Features", 
booktitle = "13th IFIP WG 11.3 Working Conference on Database Security"
, year = 1999
, note = "Seattle, Washington"
}

@inproceedings{span-02
, author = "Theodoulos Garefalakis and Chris J. Mitchell"
, title = "Securing Personal Area Networks"
, booktitle ="13th IEEE International Symposium on Personal, Indoor and Mobile Radio Communications - PIMRC "
, year = 2002
}

@article{tm
, authors = "H. Takahashi and A. Matsuyama"
, title = "An approximate solution for the Steiner problem in graphs"
, journal = "Mathmatica Haponica"
, year = 1980
, pages = "573-577"
}

@inproceedings{source
, author = "Chao Gui and Prasant Mohapatra"
, title = "Efficient overlay multicast for mobile ad hoc networks"
, series = "IEEE Wireless Communications and Networking Conference (WCNC)"
, year = 2003
, location = "New Orleans"
}
%1
@book{ infovisbk,
    editor = "Stuart K. Card and Jock D. Mackinlay and Ben Shneiderman",
    title = "Readings in Information Visualization: Using Vision To Think",
    year = 1999,
    publisher = "Morgan Kaufmann",
    address = "San Francisco, California"
};

%2
@book{ softvisbk,
  editor = "John Stasko and John Domingue and Marc H. Brown and Blaine A.
    Price",
  title = "Software Visualization: Programming as a Multimedia Experience",
  year = 1998,
  publisher = "The MIT Press",
  address = "Cambridge, Massachusetts"
};

@misc{sean-thesis
, author = "Sean A. Cannella"
, title = "Interactive Protocol Visualization (and a {WSPL} Case Study)"
, note = "\url{www.cs.brown.edu/people/scannell/wsplv/ipvis.pdf}"
}

%3
@unpublished{ prooflets,
  author = "Sean Cannella and Michael Shin and Christian Straub and Roberto
    Tamassia",
  year = 2003,
  title = "Secure Visualization of Authentication Information: A Case Study",
  note = "Unpublished extension to Christian Straub's Honors Thesis",
};

%4

%6
@inproceedings{ grappa,
  author = "N. S. Barghouti and John Mocenigo and W. Lee",
  title = "Grappa: A {J}ava Graph Package",
  booktitle = "Fifth International Symposium on Graph Drawing",
  pages = "336-343",
  year = 1997,
  publisher = "Springer-Verlag"
};

%7
@inproceedings{pgp,
  author = {Whitten, A. and Tygar, J.D.},
  title = "Why {J}ohnny Can't Encrypt: a Usability Evaluation of {PGP} 5.0",
  year = {1999},
  pages = {169--184},
  booktitle = {8th Usenix security symposium},
}

@article{visual-mining-04 
, author = "D. Keim and C. Panse and M. Sips and S. North"
, title = "Pixel Based Visual Mining of Geo-Spatial Data"
, journal = "Computers and Graphics"
, volume = " 28(3)"
, pages = "327-344"
, publisher = "Elsevier"
, year = 2004 
}


@inproceedings{north-app-94
, author = "Stephen C. North and E. Koutsofios"
, title = "Applications of Graph Visualization"
, booktitle = "Proceedings of Graphics Interface '94"
, pages = "235-245"
, year = 1994
}

%8
@misc{wspl,
  editor = "Tim Moses",
  author = "Anne Anderson and Seth Proctor and Simon Godik",
  year = {2003},
  title = "{XACML} profile for {W}eb-services",
  url = "http://lists.oasis-open.org/archives/xacml/200307/msg00059.html",
}

%9
@inproceedings{packets,
 author = {John A. Zinky and Fredric M. White},
 title = {Visualizing packet traces},
 booktitle = {Conference proceedings on Communications architectures \& protocols},
 year = {1992},
 isbn = {0-89791-525-9},
 pages = {293--304},
 location = {Baltimore, Maryland, United States},
 doi = {http://doi.acm.org/10.1145/144179.144303},
 publisher = {ACM Press},
}

%10
@inproceedings{ tcpudp,
  author = "Chunhua Zhao and Jean Mayo",
  title = "A {TCP}/{UDP} Protocol Visualization Tool: Visual {TCP}/{UDP}",
   booktitle = "International Conference on Engineering Education (ICEE '02)"
  ,year = "2002" 
}

%11
@inproceedings{multi,
 author = {James Hall and Andrew Moore and Ian Pratt and Ian Leslie},
 title = {Multi-protocol visualization: a tool demonstration},
 booktitle = {Proceedings of the ACM SIGCOMM workshop on Models, methods and tools for reproducible network research},
 year = {2003},
 isbn = {1-58113-748-8},
 pages = {13--22},
 location = {Karlsruhe, Germany},
 doi = {http://doi.acm.org/10.1145/944773.944776},
 publisher = {ACM Press},
}


%14

%15
@inproceedings{ trustbuilder,
  author = "Adam Hess and Jared Jacobson and Hyrum Mills and Ryan Wamsley and
Kent E. Seamons and Bryan Smith",
  title = "Advanced Client/Server Authentication in {TLS}",
  booktitle = "NDSS", 
  year = 2002
}

%16
@inproceedings{ atnholes,
 author = {William H. Winsborough and Ninghui Li},
 title = {Protecting sensitive attributes in automated trust negotiation},
 booktitle = {Proceeding of the ACM workshop on Privacy in the Electronic Society (WPES)},
 year = {2002},
 isbn = {1-58113-633-1},
 pages = {41--51},
 location = {Washington, DC},
 doi = {http://doi.acm.org/10.1145/644527.644532},
 publisher = {ACM Press},
}

%17
@misc{ maple,
    title = "Maple Application Center",
    author = "Maplesoft",
    url = "http://www.mapleapps.com",
}    

%18
@unpublished{ tr-fp,
    title = "{XACML} and Average Users: Finding an Interface",
    author = "Tracy Hadden",
    note = "Brown Independent Study Writeup",
    year = "2003",
}    

%19
@misc{ mys-atn,
    title = "{ATN} Visualization Demo",
    author = "Michael Shin",
}    
