@inproceedings{ah90,
  author = "H. Agrawal and J. R. Horgan",
  title = "Dynamic Program Slicing",
  booktitle = "PLDI",
  month = "June",
  year = 1990
}

@misc{eich1,
  author = "B. Eich",
  title = "Better Security for \js",
  note = "Dagstuhl Seminar 09141: Web Application Security",
  month = "March",
  year = 2009
}

@misc{eich2,
  author = "B. Eich",
  title = "\js\ Security: Let's Fix it",
  note = "Web 2.0 Security and Privacy Workshop",
  month = "May",
  year = 2009
}

@misc{chrome,
  title = "{Mozilla} {Chrome}",
  note = "\myurl{http://developer.mozilla.org/En/Chrome}"
}

@misc{netscape-tainting,
  title = {Using data tainting for security},
  author = "Netscape Navigator 3.0",
  note = "\myurl{http://www.aisystech.com/resources/advtopic.htm}"
}

@misc{xul,
  title = "{XML} User Interface Language ({XUL}) Project",
  note = "\myurl{http://www.mozilla.org/projects/xul}"
}

@misc{cve2006-1734,
  author = "CVE-2006-1734",
  title = "Privilege Escalation using a \js\ Function's Cloned Parent",
}

@misc{xulbug,
  author = "CVE-2008-5505",
  title = "{User} Tracking via {XUL} \texttt{persist} attribute",
}

@misc{sop,
  author = "J. Ruderman",
  title = "The Same-Origin Policy",
  note =
  "\myurl{http://www.mozilla.org/projects/security/components/same-origin.html}",
  month = "August",
  year = 2001
}

@misc{js-privileges,
  title = "Signed Scripts in {Mozilla}: {\js} Privileges",
  note = "\myurl{http://www.mozilla.org/projects/security/components/signed-scripts.html}"
}

@misc{greasemonkey-bug1,
  author = "S. Willison",
  title = "Understanding the {Greasemonkey} vulnerability",
  note = "\myurl{http://simonwillison.net/2005/Jul/20/vulnerability}",
  month = "July",
  year = 2005
}

@misc{greasemonkey-bug2,
  author = "M. Pilgrim",
  title = "Greasemonkey for secure data over insecure networks/sites",
  note = "\myurl{http://mozdev.org/pipermail/greasemonkey/2005-July/003994.html}",
  month = "July",
  year = 2005
}

@misc{firebug-bug1,
  title = "Mozilla {Firefox} {Firebug} Extension---{Cross-zone} Scripting
  Vulnerability",
  note = "\myurl{http://www.xssed.org/advisory/33}",
  month = "April",
  year = 2007
}

@misc{firebug-bug2,
  author = "Secunia Advisory SA24743/{CVE-2007-1878}/{CVE-2007-1947}",
  title = "Mozilla {Firefox} {Firebug} Extension Two Cross-Context Scripting
  Vulnerabilities",
  ignore = "\myurl{http://secunia.com/advisories/24743}",
}

@misc{fireftp-bug,
  author = "Secunia Advisory SA30284",
  title = "{FireFTP} Extension for {Firefox} Directory Traversal
  Vulnerability",
  ignore = "\myurl{http://www.f-secure.com/vulnerabilities/SA30284}",
}

@misc{xpcom,
  title = "{Mozilla.org XPCOM}",
  note = "\myurl{http://www.mozilla.org/projects/xpcom}"
}

@misc{firefox-addons,
  title = "{Firefox} {Add-ons}",
  note = "\myurl{http://addons.mozilla.org}"
}

@misc{ie-addons,
  title = "{MSDN:} {Creating} Add-ons for {Internet} {Explorer}",
  note = "\myurl{http://msdn.microsoft.com/en-us/library/bb735853(VS.85).aspx}"
}

@misc{chrome-addons,
  title = "Google {Chrome} Addons, Themes, and Plugins",
  note = "\myurl{http://www.mychromeaddons.com}"
}

@misc{thunderbird-addons,
  title = "{Thunderbird} {Add-ons}",
  note = "\myurl{https://addons.mozilla.org/thunderbird}"
}

@misc{greasemonkey,
  title = "Greasespot: The weblog about {Greasemonkey}",
  note = "\myurl{http://www.greasespot.net}"
}

@misc{firebug,
  title = "Firebug: {Web} development evolved",
  note = "\myurl{http://getfirebug.com}"
}

@misc{noscript,
  title = "{NoScript}---\js\ blocker for a safer {Firefox} experience",
  note = "\myurl{http://noscript.net}"
}

@misc{ie8,
  title = "Internet {Explorer} 8",
  note = "\myurl{http://www.microsoft.com/windows/internet-explorer}"
}

@misc{trojanchromeinjectB,
  title = "{Trojan.PWS.ChromeInject.B}",
  note =
  "\myurl{http://www.bitdefender.com/VIRUS-1000451-en--Trojan.PWS.ChromeInject.B.html}",
  month = "Nov",
  year = 2008
}

@misc{rdfvuln,
  title = "{Firefox} Add-ons Infecting Users with Trojans",
  note = "\myurl{http://www.webmasterworld.com/firefox_browser/3644576.htm}",
  month = "May",
  year = 2008
}

@misc{firespy,
  title = "{FormSpy}: {McAfee} Avert Labs",
  note = "\myurl{http://vil.nai.com/vil/content/v_140256.htm}",
  month = "July",
  year = 2006
}

@misc{ffsniff,
  title = "{FFsniFF}: {FireFox} {sniFFer}",
  note = "\myurl{http://azurit.elbiahosting.sk/ffsniff}",
  month = "June",
  year = 2008
}

%--------------------------------------------------------------------------

@techreport{gazelle09,
  author = "H. J. Wang and C. Grier and A. Moshchuk and S. T. King and P. Choudhury and H. Venter",
  title = "The Multi-Principal {OS} Construction of the {Gazelle} Web Browser",
  institution = "Microsoft Research",
  number = "MSR-TR-2009-16",
  month = "February",
  year = 2009
}

@inproceedings{sstic08,
  author = "P. Beaucamps and D. Reynaud",
  title = "Malicious {Firefox} Extensions",
  booktitle = "Symp. Sur La Securite Des Technologies De L'Information Et
  Des Communications",
  month = "June",
  year = 2008,
  ignore =
  "\myurl{http://lhs.loria.fr/wp-content/uploads/2008/06/beaucamps-reynaud-maliciousextensions-en.pdf}"
}

@article{llv08,
  author = "M. Ter-Louw and J. S. Lim and V. N. Venkatakrishnan",
  title = "Enhancing web browser security against malware extensions",
  journal = "Journal of Computer Virology",
  month = "August",
  year = 2008,
  volume = 4,
  number = 3
}

@inproceedings{llv07,
  author = "M. Ter-Louw and J. S. Lim and V. N. Venkatakrishnan",
  title = "Extensible web browser security",
  booktitle = "GI Intl. Conf. on Detection of Intrusions \&
  Malware, and Vulnerability Assessment",
  month = "July",
  year = 2007
}

@inproceedings{wjg06,
  author = "H. Wang and S. Jha and V. Ganapathy",
  title = "{NetSpy:} {Automatic} Generation of Spyware Signatures for {NIDS}",
  booktitle = "ACSAC",
  month = "December",
  year = 2006
}

@inproceedings{ekk+07,
  author = "M. Egele and C. Kruegel and E. Kirda and H. Yin and D. Song",
  title = "Dynamic Spyware Analysis",
  booktitle = "USENIX Annual Technical",
  month = "June",
  year = 2007
}

@inproceedings{kkb+06,
  author = "E. Kirda and C. Kruegel and G. Banks and G. Vigna and R. Kemmerer",
  title = "Behavior-Based Spyware Detection",
  booktitle = "USENIX Security",
  month = "August",
  year = 2006
}

@inproceedings{lfc07,
  author = "Z. Li and X. Wang and J. Y. Choi",
  title = "{SpyShield}: {Preserving} Privacy from Spy Add-ons",
  booktitle = "RAID",
  month = "September",
  year = 2007
}

@inproceedings{gtk08,
  author = "C. Grier and S. Tang and S. T. King",
  title = "Secure Web Browsing with the {OP} Web Browser",
  booktitle = "IEEE S\&P",
  month = "May",
  year = 2008
}

@inproceedings{chgl06,
  author = "Richard S. Cox and Jacob Gorm Hansen and Steven D. Gribble and
  Henry M. Levy",
  title = "A Safety-Oriented Platform for Web Applications",
  booktitle = "IEEE S\&P",
  month = "May",
  year = 2006
}

@inproceedings{vnj+07,
  author = "P. Vogt and F. Nentwich and N. Jovanovic and E. Kirda and C.
  Kruegel and G. Vigna",
  title = "Cross Site Scripting Prevention with Dynamic Data Tainting and
  Static Analysis",
  booktitle = "NDSS",
  month = "February",
  year = 2007
}

@inproceedings{af09,
 author = "T. Austin and C. Flanagan",
 title = "Efficient purely-dynamic information flow analysis",
 booktitle = "ACM PLAS",
 month = "June",
 year = 2009
 }


@inproceedings{ws02,
  author = "D. Wagner and P. Soto",
  title = "Mimicry Attacks on Host-based Intrusion Detection Systems",
  booktitle = "ACM CCS",
  month = "November",
  year = 2002
}

@inproceedings{pwdhash,
  author = "B. Ross and C. Jackson and N. Miyake and D. Boneh and J. C.
  Mitchell",
  title = "Stronger password authentication using browser extensions",
  booktitle = "USENIX Security",
  year = 2005,
  month = "August"
}

@inproceedings{browsershield,
  author = "C. Reis and J. Dunagan and H. J. Wang and O. Dubrovsky and S.
  Esmeir",
  title = "BrowserShield: {Vulnerability}-Driven Filtering of Dynamic {HTML}",
  booktitle = "ACM/USENIX OSDI",
  year = 2006,
  month = "November",
}

@inproceedings{corescript,
  author = "D. Yu and A. Chander and N. Islam and I. Serikov",
  title = "\js\ Instrumentation for Browser Security",
  booktitle = "ACM POPL",
  year = 2007,
  month = "January",
}

@inproceedings{psc09,
  author = "P. H. Phung and D. Sands and A. Chudnov",
  title = "Lightweight Self-Protecting \js",
  booktitle = "ASIACCS",
  month = "March",
  year = 2009
}

@misc{caja,
  title = "{Caja}: {Safe} active content in sanitized {\js}",
  author = "M. S. Miller and M. Samuel and B. Laurie and I. Awad and M. Stay",
  month = "June",
  year = 2008
}

@misc{fbjs,
  title = "{FBJS}: {Facebook} Developers Wiki",
  note = "\myurl{http://wiki.developers.facebook.com/index.php/FBJS}"
}

@misc{adsafe,
  title = "{AdSafe}: {Making} {\js} Safe for Advertising",
  note = "\myurl{http://www.adsafe.org}"
}

@inproceedings{hv05,
  author = "O. Hallaraker and G. Vigna",
  title = "Detecting malicious \js\ code in {Mozilla}",
  booktitle = "10th IEEE Conf. on Engineering Complex Computer Systems",
  month = "June",
  year = 2005
}

@techreport{gatekeeper,
  author = "B. Livshits and S. Guarnieri",
  title = "Gatekeeper: {Mostly} Static Enforcement of Security and Reliability
  Policies for \js\ Code",
  institution = "Microsoft Research",
  number = "MSR-TR-2009-16",
  year = 2009 
}

@inproceedings{flapjax,
  author = "A. Guha and S. Krishnamurthi and T. Jim",
  title = "Using Static Analysis for {Ajax} Intrusion Detection",
  booktitle = "WWW",
  month = "April",
  year = 2009
}

@inproceedings{nacl,
  author = "B. Yee \etal",
  title = "Native Client: {A} Sandbox for Portable, Untrusted x86 Native Code",
  booktitle = "IEEE S\&P",
  month = "May",
  year = 2009
}

@inproceedings{mets07,
  author = "U. Erlingsson and Y. Xie and B. Livshits",
  title = "End-to-end Web Application Security",
  booktitle = "HotOS",
  month = "May",
  year = 2007
}

@inproceedings{cmjl09,
  author = "R. Chugh and J. Meister and R. Jhala and S. Lerner",
  title = "Staged Information Flow for \js",
  booktitle = "PLDI",
  month = "June",
  year = 2009
}

@inproceedings{css08,
  author = "L. Cavallaro and P. Saxena and R. Sekar",
  title = "On the Limits of Information Flow Techniques for Malware Analysis
  and Containment",
  booktitle = "DIMVA",
  month = "July",
  year = 2008
}

@inproceedings{ynkm09,
  author = "A. Yip and N. Narula and M. Krohn and R. Morris",
  title = "Privacy-Preserving Browser-Side Scripting With BFlow",
  booktitle = "EuroSys",
  month = "April",
  year = 2009
}

@techreport{tr648,
  author = "M. Dhawan and V. Ganapathy",
  title = "Analyzing Information Flow in {JavaScript}-based Browser Extensions",
  institution = "Rutgers University",
  number = "DCS-TR-648",
  month = "April",
  year = 2009
}
