@inproceedings{spacetwist,
  author = "M. L. Liu and C. S. Jensen and X. Huang and H. Lu",
  title = "SpaceTwist: Managing the Tradeoffs among location privacy, query
  performance, and query accuracy in mobile services",
  booktitle = "Proc ICDE'08: Intl. Conference on Data Engineering",
  year = 2008
}

@misc{yahootraffic,
  title = "Yahoo! Local",
  note = "\url{http://traffic.yahoo.com/traffic/}"
}
  
@inproceedings{nvar,
  author = "B. Cox and D. Evans and A. Filipi and J. Rowanhill and W. Hu and j.
  Davidson and J. Knight and A. Nguyen-Tuong and J. Hiser",
  title = "N-Variant Systems: {A} Secretless Framework for Security through
  Diversity",
  booktitle = "Proc. USENIX Security Symposium",
  year = 2006
}

@article{ka1,
  author = "L. Sweeney",
  title = "\ka: {A} Model for Protecting Privacy",
  journal = "International Journal on Uncertainty, Fuzziness and
  Knowledge-based Systems",
  volume = 10,
  number = 5,
  pages = "557--570",
  year = 2002
}

@article{ka2, 
  author = "P. Samarati",
  title = "Protecting respondents’ identities in microdata release",
  journal = "IEEE Transactions on Knowledge and Data Engineering",
  volume = 13,
  number = 6,
  pages = "1010--1027",
  year = 2001
}

@Misc{ezpass,
 key =     {ezpass},
 title =     {{EZPass}: {A} Pass on Privacy?},
 howpublished = {\url{"http://www.nytimes.com/2005/07/17/magazine/17WWLN.html"}},
}

@Misc{nycgps,
 key =     {nycgps},
 title =     {{NYC} cabs strike over {GPS} system plans},
 howpublished = {\url{http://www.engadget.com/2007/03/09/nyc-cab-drivers-say-no-thanks-to-gps-installation/}},
}

@Misc{anon,
 key =     {anon},
 title =     {Anonymizer},
 howpublished = {\url{http://www.anonymizer.com/}},
}

@Misc{tor,
 key =     {tor},
 title =     {Tor},
 howpublished = {\url{http://www.torproject.org/}},
}

@Misc{googlegeo,
 key =     {googlegeo},
 title =     {Google Maps Geo {API}},
 howpublished = {\url{http://code.google.com/apis/maps/}},
}

@Misc{multimap,
 key =     {multimap},
 title =     {Microsoft Multimap {API}},
 howpublished = {\url{http://www.multimap.com/}},
}

@Misc{yahoomap,
 key =     {yahoomap},
 title =     {Yahoo Maps Local Search {API}},
 howpublished = {\url{http://developer.yahoo.com/maps/}},
}

@Misc{cabspotting,
 key =     {cabspotting},
 title =     {Cabspotting project},
 howpublished = {\url{http://cabspotting.org/}},
}

@article{crowds,
  author =    {M. K. Reiter and A. D. Rubin},
  title =    {Crowds: {Anonymity} for {Web} transactions},
  journal =    {ACM Transactions on Information and System Security},
  volume = "1",
  number = "1",
  pages = "66-–92",
  year =    1998,
}

@article{onion,
 author = {D. Goldschlag and M. Reed and P. Syverson}, 
 title = {Onion routing for anonymous and private {Internet} connections},
 journal = {Communications of the ACM}, 
 volume = "42",
 number = "2",
 pages = "39-–41",
 year = 1999,
}

@inproceedings{ldiv,
  author = "A. Machanavajjhala and J. Gehrke and D. Kifer and M. Venkitasubramaniam",
  title = "{$\ell$-Diversity}: Privacy Beyond k-Anonymity",
  booktitle = "Proc. ICDE'06: Intl. Conference on Data Engineering",
  year = 2006
}

@inproceedings{tclose,
  author = "N. Li and T. Li and S. Venkatasubramanian",
  title = "t-Closeness: Privacy Beyond k-Anonymity and l-Diversity",
  booktitle = "Proc. ICDE'07: Intl. Conference on Data Engineering",
  year = 2007
}
  

@inproceedings{privacymap,
  author = "A. Machanavajjhala and D. Kifer and J. Abowd and J. Gehrke and L. Vilhuber", 
  title = "Privacy: Theory meets Practice on the Map",
  booktitle = "Proc. ICDE'08: Intl. Conference on Data Engineering",
  year = 2008
}

@inproceedings{gruteser1,
  author = "B. Hoh and M. Gruteser",
  title =  "Location Privacy Through Path Confusion",
  booktitle = "Proc. SecureComm'05: IEEE/CreateNet Intl. Conference on Security and Privacy 
  for Emerging Areas in Communication Networks",
  year = 2005
}

@inproceedings{gruteser2,
  author = "B. Hoh and M. Gruteser and R. Herring and J. Ban and D. Work and J-C. Herrera
  and A. Bayen and M. Annavaram and Q. Jacobson",
  title = "Virtual Trip-Lines for Distributed Privacy-Preserving Traffic Monitoring",
  booktitle = "Proc. Mobisys'08: Intl. Conference on Mobile Systems, Applications and Services",
   year = 2008,
}

@inproceedings{gruteser,
  author = "M. Gruteser and D. Grunwald",
  title = "Anonymous Usage of Location-Based Services through Spatial and Temporal Cloaking",
  booktitle = "Proc. Mobisys'03: Intl. Conference on Mobile Systems, Applications and Services",
   year = 2003,
}

@inproceedings{krumm,
 author = "J. Krumm", 
 title = "Inference Attacks on Location Tracks",
 booktitle = "Proc. Pervasive'07: Intl. Conference on Pervasive Computing",
 year = 2007,
}

@inproceedings{newcasper,
  author = "M. F. Mokbel and C-Y. Chow and W. G. Aref",
  title = "The New {Casper}: {Query} Processing for Location Services without
  Compromising Privacy",
  booktitle = "Proc. VLDB'06: Intl. Conference on Very Large Databases",
  year = 2006
}

@inproceedings{privacygrid,
  author = "B. Bamba and L. Liu and P. Pesti and T. Wang",
  title = "Supporting Anonymous Location Queries in Mobile Environments with
  {PrivacyGrid}",
  booktitle = "Proc. WWW'08: Intl. Conference on the World-Wide Web",
  year = 2008
}

@inproceedings{prive,
  author = "G. Ghinita and P. Kalnis and S. Skiadopoulos",
  title = "{PRIVE}: {Anonymous} Location-based Queries in Distributed Mobile Systems",
  booktitle = "Proc. WWW'07: Intl. Conference on the World-Wide Web", 
  year = 2007
}

@inproceedings{continuousq,
  author = "C.-Y. Chow and M. F. Mokbel",
  title = "Enabling Private Continuous Queries for Revealed User Locations",
  booktitle = "Proc.  SSTD'07: Advances in Spatial and Temporal Databases",
  year = 2007
}

@inproceedings{gis06,
  author = "C-Y. Chow and M. F. Mokbel and X. Liu",
  title = "A Peer-to-Peer Spatial Cloaking Algorithm for Anonymous
  Location-based Services",
  booktitle = "Proc. GIS'06: ACM International Symposium on Advances in Geographic
  Information Systems",
  year = 2006
}

@inproceedings{liucloaking,
  author = "B. Gedik and L. Liu",
  title = "Location Privacy in Mobile Systems: A Personalized Anonymization Model",
  booktitle = "Proc. ICDCS'05: Intl. Conference on Distributed Computing Systems",
  year = 2005
}

@article{tmc07,
  author = "B. Gedik and L. Liu",
  title = "Protecting Location Privacy with Personalized k-Anonymity:
  Architecture and Algorithms",
  journal = "IEEE Transactions on Mobile Computing",
  year = 2007
}

@article{hilbertcloaking,
  author = "P. Kalnis and G. Ghinita and K. Mouratidis and D. Papadias",
  title = "Preventing Location-Based Identity Inference in Anonymous Spatial Queries",
  journal = "IEEE Transactions on Knowledge and Data Engineering", 
  volume = 19,
  number = 12,
  pages = "1719--1733",
  year = 2007
}

@inproceedings{mobihide,
  author = "G. Ghinita and P. Kalnis and S. Skiadopoulos", 
  title = "MobiHide: A Mobile Peer-to-Peer System for Anonymous Location-Based Queries", 
  booktitle = "Proc. SSTD'07: International Symposium on Spatial and Temporal
  Databases",
  year = 2007
}

@article{trackmenot,
  author = "D. Howe and H. Nissenbaum",
  title = "{TrackMeNot}: {Resisting} Surveillance in {Web} Search",
  journal = "On the Identity Trail: Privacy, Anonymity and Identity in a
  Networked Society (Oxford University Press)", 
  year = 2008
}

@inproceedings{pws,
  author = "F. Saint-Jean and A. Johnson and D. Boneh and J. Feigenbaum",
  title = "Private {Web} Search",
  booktitle = "Proc. WPES'07: ACM Workshop on Privacy in the Electronic Society",
  year = 2007
}

@inproceedings{gkk+08,
  author = "G. Ghinita and P. Kalnis and A. Khoshgozaran and C. Shahabi and
  K-L. Tan",
  title = "Private Queries in Location-based Services: {Anonymizers} are not
  necessary",
  booktitle = "Proc. SIGMOD'08: 2008 ACM SIGMOD Conference",
  year = 2008
}

@inproceedings{sionpir,
  author = "R. Sion and B. Carbunar",
  title = "On the Computational Practicality of Private Information Retrieval",
  booktitle = "Proc. NDSS'07: Network and Distributed System Security Symposium",
  year = 2007
}

@inproceedings{cpir,
  author = "E. Kushilevitz and R. Ostrovsky",
  title = "Replication is not needed: Single database, computationally-private information retrieval",
  booktitle = "Proc. FOCS'97: IEEE Symposium on Foundations of Computer Science", 
  year = 1997
}

@article{quadtree,
  author = "R. Finkel and J.L. Bentley",
  title = "Quad Trees: A Data Structure for Retrieval on Composite Keys",
  booktitle = "Acta Informatica",
  volume = 4,
  number = 1,
  pages = "1--9",
  year = 1974
}

@inproceedings{romit,
  title = "Realtime Location Privacy Via Mobility Prediction: Creating Confusion at Crossroads",
  author = "J. Meyerowitz, R. Roy Choudhury",
  booktitle = "Proc. HotMobile'09: Intl. Workshop on Hot Topics in Mobile Computing",
  year = 2009
}

@inproceedings{dwork,
  title = "Differential Privacy",
  author = "C. Dwork",
  booktitle = "Proc. ICALP'06: Intl. Colloquium on Automata, Languages and
  Programming",
  year = 2006
}
