@inproceedings{merlin:pldi09,
  author = "B. Livshits and A. Nori and S. Rajamani and A. Banerjee",
  title = "Merlin: Inferring Specifications for Explicit Information Flow
  Problems",
  booktitle = "PLDI",
  year = 2009
}

@inproceedings{uncertainty:osdi06,
  author = "T. Kremenek and P. Twohey and G. Back and A. Ng and
  D. Engler",
  title = "From Uncertainty to Belief: {Inferring} the Specification Within",
  booktitle = "OSDI",
  year = 2006
}

@inproceedings{jungloid:pldi05,
  author = "D. Mandelin and L. Xu and R. Bodik and D. Kimelman",
  title = "Jungloid Mining: {Helping} to Navigate the {API} Jungle",
  booktitle = "PLDI",
  year = 2005
}

@inproceedings{twinning:icse10,
  author = "M. Nita and D. Notkin",
  title = "Using Twinning to Adapt Programs to Alternative {APIs}",
  booktitle = "ICSE",
  month = "May",
  year = 2010
}

@inproceedings{languageMigration:icse10,
 author = {Zhong, H. and Thummalapenta, S. and Xie, T. and Zhang, L. and Wang,
 Q.},
 title = {Mining {API} Mapping for Language Migration},
 booktitle = {ICSE},
 year = {2010},
}

@article{sum-product-algo:ieee,
author = {Kschischang, F.R. and Frey, B.J. and Loeliger, H.-A.},
journal = {IEEE Trans. Inf. Theory},
title = {Factor graphs and the sum-product algorithm},
year = {2001},
month = {Feb},
}

@incollection{belief-prop,
 author = {Yedidia, J. S. and Freeman, W. T. and Weiss, Y.},
 chapter = {Understanding belief propagation and its generalizations},
 title = {Exploring artificial intelligence in the new millennium},
 year = {2003},
}

@misc{uEmu:website,
title = "MicroEmulator",
note = "\url{http://www.microemu.org/}",
}

@misc{bnt:website,
author = "Kevin Murphy",
title = "Bayes {Net} Toolbox for {Matlab}",
month = "October", 
year = 2007,
note = "\url{http://code.google.com/p/bnt/}",
}

@misc{asm,
author = "OW2 Consortium",
title = "ASM toolkit",
note = "\url{http://asm.ow2.org}"
}

@misc{android-api:website,
author = "Google",
title = "Android {API} Reference",
note = "\url{http://developer.android.com/reference/packages.html}",
}

@misc{javame-api:website,
author = "Oracle",
title = "Java {ME} {API} Reference", 
note = "\url{http://docs.oracle.com/javame/config/cldc/ref-impl/midp2.0/jsr118/index.html}",
}

@inproceedings{engler:sosp01,
author = {Engler, D. and Chen, D. Y. and Hallem, S. and Chou, A. and Chelf, B.},
title = {Bugs as deviant behavior: a general approach to inferring errors in systems code},
booktitle = {SOSP},
year = {2001},
}

@inproceedings{prminer:fse05,
author = {Li, Z. and Zhou, Y.},
title = {PR-Miner: Automatically Extracting Implicit Programming Rules and Detecting Violations in Large Software Code},
booktitle = {FSE},
year = {2005},
}

@inproceedings{dynamine:fse05,
author = {Livshits, B. and Zimmermann, T.},
title = {DynaMine: Finding Common Error Patterns by Mining Software Revision Histories},
booktitle = {FSE},
year = {2005},
}

@inproceedings{strathcona:icse05,
author = {R. Holmes and G. C. Murphy},
title = {Using structural context to recommend source code examples},
booktitle = {ICSE},
year = {2005},
}

@inproceedings{type:pldi12,
title = "Type-Directed Completion of Partial Expressions",
author = "D. Perelman and S. Gulwani and T. Ball and D. Grossman",
  booktitle = "PLDI",
year = 2012
}

@inproceedings{matchmaker:oopsla11,
author = {Yessenov, K. and Xu, Z. and Solar-Lezama, A.},
title = {Data-driven Synthesis for Object-Oriented Frameworks},
booktitle = {OOPSLA},
year = {2011},
}

@inproceedings{mapo:ecoop09,
author = {Zhong, H. and Xie, T. and Zhang, L. and Pei, J. and Mei, H.},
title = {MAPO: Mining and Recommending {API} Usage Patterns},
booktitle = {ECOOP},
year = {2009},
}

@inproceedings{semdiff:icse09,
author = {Dagenais, B. and Robillard, M. P.},
title = {SemDiff: Analysis and recommendation support for {API} evolution},
booktitle = {ICSE},
year = {2009},
}

@inproceedings{tilevich:neat2011,
author = "E. Shah and E. Tilevich",
title = "Reverse-Engineering User Interfaces to Facilitate Porting to and across Mobile Devices and Platforms",
booktitle = "Workshop on NExt-generation Applications of smarTphones",
year = 2011
}

@misc{j2me-android-bridge:website,
author = "Assembla",
title = "{J2ME} {Android} Bridge",
note = "\url{http://www.assembla.com/spaces/j2ab/wiki}",
}

@misc{app-runner:website,
author = "Netmite Corporation",
title = "App Runner",
note = "\url{http://www.netmite.com/android/}",
}

@misc{up-on-tek:website,
title = "UpOnTek",
note = "\url{http://www.upontek.com/index.php}",
}

@misc{javame-wtk:website,
author = "Oracle",
title = "Sun {Java} Wireless Toolkit for {CLDC}, 2.5.1",
note = "\url{http://java.sun.com/products/sjwtoolkit/download-2_5_1.html}",
} 

@article{kamiya:2002,
author = {Kamiya, T. and Kusumoto, S. and Inoue, K.},
title = {CCFinder: a multilinguistic token-based code clone detection system for large scale source code},
journal = {IEEE Trans. Softw. Eng.},
month = jul,
year = {2002},
}

@inproceedings{wahler:2004,
author={Wahler, V. and Seipel, D. and Wolff, J. and Fischer, G.},
booktitle={Workshop on Source Code Analysis and Manip.},
title={Clone detection in source code by frequent itemset techniques},
year={2004},
}

@inproceedings{baker:1995,
 author = {Baker, B. S.},
 title = {On finding duplication and near-duplication in large software systems},
 booktitle = {Working Conf. Reverse Engineering},
 year = {1995},
}

@inproceedings{baxter:2004,
 author = {Baxter, I. D. and Pidgeon, C. and Mehlich, M.},
 title = {Program Transformations for Practical Scalable Software Evolution},
 booktitle = {ICSE},
 year = {2004},
}

@inproceedings{gabel:icse08,
 author = {Gabel, M. and Jiang, L. and Su, Z.},
 title = {Scalable detection of semantic clones},
 booktitle = {ICSE},
 year = {2008},
}

@inproceedings{krinke:wcre01,
 author = {Krinke, J.},
 title = {Identifying Similar Code with Program Dependence Graphs},
 booktitle = {Working Conf. Reverse Engineering},
 year = {2001},
}

@inproceedings{jiang:issta09,
 author = {Jiang, L. and Su, Z.},
 title = {Automatic mining of functionally equivalent code fragments via random testing},
 booktitle = {ISSTA},
 year = {2009},
}

@inproceedings{swing-to-swt,
author={Bartolomei, T.T. and Czarnecki, K. and Laandmmel, R.},
booktitle={ICSM},
title={Swing to {SWT} and back: Patterns for {API} migration by wrapping},
year={2010},
}

@misc{microsoft-db,
title = "Windows Phone Interoperability",
note = "\url{http://windowsphone.interoperabilitybridges.com/porting}"
}

@misc{nokia-db,
title = "{Qt} {API} mapping for {iOS} developers",
note = "\url{http://www.developer.nokia.com/Develop/Porting/API_Mapping}"
}

@inproceedings{zhang:icse12,
author = "C. Zhang and J. Yang and Y. Zhang and J. Fan and X. Zhang and J. Zhao",
title = "Automatic parameter recommendation for practical {API} usage",
booktitle = "ICSE",
year = 2012
}

@misc{python:levenshtein,
title = "python-Levenshtein 0.10.2",
note = "\url{http://pypi.python.org/pypi/python-Levenshtein}"
}

@inproceedings{dagenais:icse12,
author = "B. Dagenais and M. P. Robillard",
title = "Recovering traceability links between an {API} and its learning
resources",
booktitle = "ICSE",
year = 2012
}

@inproceedings{buse:icse12,
author ="R. Buse and W. Weimer",
title ="Synthesizing {API} usage examples",
booktitle = "ICSE",
year = 2012
}

@inproceedings{hens:icse12,
author = "S. Hens and M. Monperrus and M. Mezini",
title = "Semi-automatically extracting {FAQs} to improve accessibility of software
development knowledge",
booktitle = "ICSE",
year = 2012
}

@inproceedings{uddin:icse12,
author = "G. Uddin and B. Dagenais and M. P. Robillard",
title = "Temporal analysis of {API} usage concepts",
booktitle = "ICSE",
year = 2012
}

@inproceedings{pandita:icse12,
author = "R. Pandita and X. Xiao and H. Zhong and T. Xie and S. Oney and A. M.
Paradkar",
title = "Inferring method specifications from natural language {API} descriptions",
booktitle = "ICSE",
year = 2012
}
