@misc{apache,
  title = "Apache",
  note = "\url{http://www.apache.org/}"
}

@misc{iis,
  title = "Internet Information Services",
  note = "\url{http://www.microsoft.com/windowsserver2003/iis/}"  
}

@inproceedings{ar01,
  author = "M. Arnold and B. G. Ryder",
  title = "A Framework for Reducing the Cost of Instrumented Code",
  booktitle = "Proc. PLDI",
	pages = "168-179",
	publisher = "ACM",
  month = "May",
  year = "2001"
}

@inproceedings{br04,
  author = "G. Balakrishnan and T. W. Reps",
  title = "Analyzing memory accesses in $x86$ binary executables",
  booktitle = "Proc. Intl. Conf. on Compiler Construction",
	pages = "5-23",
	publisher = "Springer",
  month = "April",
  year = "2004"
}

@book{cgp00,
  author = "E. M. Clarke and O. Grumberg and D. A. Peled",
  title = "Model Checking",
  publisher = "MIT Press",
  month = "January",
  year = "2000"
}

@inproceedings{ch04,
  author = "T. M. Chilimbi and M. Hauswirth",
  title = "Low-Overhead Memory Leak Detection Using Adaptive Statistical
  Profiling",
  booktitle = "Proc. ASPLOS",
	pages = "156-164",
	publisher = "ACM",
  month = "October",
  year = "2004"
}

@inproceedings{dr02,
  author = "B. Demsky and M. Rinard",
  title = "Role-Based Exploration of Object-Oriented Programs",
  booktitle = "Proc. ICSE",
	pages = "313-334",
  month = "May",
	publisher = "IEEE/ACM",
  year = "2002"
}

@inproceedings{dr03,
  author = "B. Demsky and M. Rinard",
  title = "Automatic Detection and Repair of Errors in Data Structures",
  booktitle = "Proc. OOPSLA",
	pages = "78-95",
	publisher = "ACM",
  month = "October",
  year = "2003"
}

@inproceedings{dz03,
  author = "C. Ding and Y. Zhong",
  title = "Predicting whole-program locality with reuse distance analysis",
  booktitle = "Proc. PLDI",
	pages = "245-257",
	publisher = "ACM",
  month = "June",
  year = "2003"
}

@phdthesis{e00,
  author = "M. D. Ernst",
  title = "Dynamically Discovering Likely Program Invariants",
  school = "University of Washington",
  address = "Seattle, WA",
  month = "August",
  year = "2000"
}

@techreport{esv01,
  author = "A. Edwards and A. Srivastava and H. Vo",
  title = "{Vulcan}: {Binary} transformation in a distributed environment",
  institution = "Microsoft Research",
  number = "2001-50",
  month = "April",
  year = "2001",
}

@article{fv02,
  author = "K. Fisler and M. Y. Vardi",
  title = "Bisimulation Minimization and Symbolic Model Checking",
  journal = "Formal Methods in System Design",
  volume = "21",
  number = "1",
  month = "July",
  year = 2002
}

@inproceedings{gh96,
	author = "R. Ghiya and L. Hendren",
	title = "Is it a {Tree}, a {DAG} or a {Cyclic Graph}? {A} Shape Analysis for
	Heap-Directed Pointers in {C}",
	booktitle = "Proc. POPL",
  publisher = "ACM", 
	pages = "1-15",
	month = "January",
	year = 1996
}
	

@inproceedings{hr05,
  author = "B. Hackett and R. Rugina",
  title = "Region-based Shape Analysis with Tracked Locations",
  booktitle = "Proc. POPL",
	pages = "310-323",
  publisher = "ACM", 
  month = "January",
  year = "2005",
}

@inproceedings{hc01,
  author = "M. Hirzel and T. M. Chilimbi",
  title = "Bursty Tracing: A Framework for Low-Overhead Temporal Profiling",
  booktitle = "Proc. Wkshp. on Feedback-Directed and Dynamic
  Optimization",
  month = "December",
  year = "2001"
}

@inproceedings{hhd+02,
  author = "M. Hirzel and J. Henkel and A. Diwan and M. Hind",
  title = "Understanding the connectivity of heap objects",
  booktitle = "Proc. ISMM",
  pages = "143-156",
  publisher = "ACM", 
	month = "June",
  year = "2002"
}

@inproceedings{sks02,
	author = "R. Shaham and E. Kolodner and S. Sagiv",
	title = "Estimating the impact of heap liveness information space consumption
	in {Java}",
	booktitle = "Proc. ISMM",
	pages = "171-182",
  publisher = "ACM", 
	month = "June",
	year = 2002
}

@inproceedings{hl02,
  author = "S. Hangal and M. S. Lam",
  title = "Tracking Down Software Bugs Using Automatic Anomaly Detection",
  booktitle = "Proc. ICSE",
	pages = "291-301",
  publisher = "IEEE/ACM", 
  month = "May",
  year = "2002"
}

@inproceedings{kaye04,
  author = "T. Kremenek and K. Ashcraft and J. Yang and D. Engler",
  title = "Correlation Exploitation in Error Ranking",
  booktitle = "Proc. SIGSOFT FSE",
	publisher = "ACM",
	pages = "83-93",
  month = "November",
  year = "2004"
}

@inproceedings{ke03,
  author = "T. Kremenek and D. Engler",
  title = "{Z-Ranking}: {U}sing Statistical Analysis to Counter the Impact of 
  Static Analysis Approximations.",
  booktitle = "Proc. Intl. Static Analysis Symp. (SAS)",
	pages = "295-315",
  month = "June",
  year = "2003"
}

@inproceedings{lazj03,
  author = "B. Liblit and A. Aiken and A. X. Zheng and M. I. Jordan",
  title = "Bug Isolation via Remote Program Sampling",
  booktitle = "Proc. PLDI",
	publisher = "ACM",
	pages = "141-154",
  month = "June",
  year = "2003"
}

@inproceedings{m71,
  author = "R. Milner",
  title = "An algebraic definition of simulation between programs",
  booktitle = "Proc. IJCAI",
  year = "1971"
}

@inproceedings{p81,
  author = "D. Park",
  title = "Concurrency and automata on infinite objects",
  booktitle = "5$^{th}$ GI-Conf. on Theor. Comp. Sci.",
  series = "LNCS 104",
  publisher = "Springer",
  year = 1981
}
  
@article{bps00, 
	author = "W. Bush and J. D. Pincus and D. J. Sielaff",
	title = "A Static Analyzer for finding Dynamic Programming Errors",
	booktitle = "Software---Practice and Experience",
	volume = 30,
	number = 7,
	pages = "775-802",
	year = 2000
}

@inproceedings{ql06,
	author = "S. Qadeer and S. Lahiri",
	title = "Verifying properties of well-founed linked lists",
	booktitle = "Proc. POPL",
	publisher = "ACM",
	month = Jan,
	year = 2006
}

@inproceedings{rcd+04,
  author = "M. Rinard and C. Cadar and D. Dumitran and D. Roy and T. Leu and W.
  Beebee",
	title = "Enhancing Server Availability and Security Through Failure-Oblivious
	Computing",
  booktitle = "Proc. OSDI",
  pages = "303-316",
  month = "December",
  year = "2004"
}
  
@inproceedings{rbc02,
  author = "S. Rubin and R. Bodik and T. M. Chilimbi",
  title = "An efficient profile-analysis framework for data-layout
  optimizations",
  booktitle = "Proc. POPL",
	pages = "140-153",
	publisher = "ACM",
  month = "January",
  year = "2002",
}
  
@article{srw02,
  author = "M. Sagiv and T. W. Reps and R. Wilhelm",
  title = "Parametric shape analysis via 3-valued logic",
  journal = "ACM TOPLAS",
  volume = "24",
  number = "3",
	pages = "217-298",
  month = "May",
  year = "2002"
}  

@inproceedings{zll+04,
  author = "P. Zhou and W. Liu and F. Long and S. Lu and F. Qin and Y. Zhou and
  S. Midkiff and J. Torrellas",
  title = "{AccMon}: {A}utomatically Detecting Memory-Related Bugs via Program 
  Counter-based Invariants",
  booktitle = "Proc. MICRO",
	pages = "269-280",
	publisher = "IEEE/ACM",
  month = "December",
  year = "2004"
}

@article{ns03,                                                                        
  author = "N. Nethercote and J. Seward",                                                  
  title = "{Valgrind}: {A} Program Supervision Framework", 
  journal = "Elec. Notes in Theor. Comp. Sci. (ENTCS)",
  volume = "89",                                                                                     
  number = "2",                                                                                       
  publisher = "Elsevier",                                                                            
  year = "2003"                                                                                      
}                                                                                                      
                                                                                                       
@inproceedings{hj92,                                                                         
  author = "R. Hastings and B. Joyce",                                                                
  title = "{P}urify: {F}ast Detection of Memory Leaks and Access Errors",                              
  booktitle = "Winter USENIX Conference",                                                              
  month = "January",
  year = "1992"                                                                                        
} 

@inproceedings{sph+02,
  author = "T. Sherwood and E. Perelman and G. Hamerly and B. Calder",
  title = "Automatically Characterizing Large Scale Program Behaviour",
  booktitle = "Proc. ASPLOS",
	pages = "45-57",
	publisher = "ACM",
  month = "October",
  year = "2002"
}

@inproceedings{szd04,
  author = "X. Shen and Y. Zhong and C. Ding", 
  title = "Locality Phase Prediction",
  booktitle = "Proc. ASPLOS",
	pages = "165-176",
	publisher = "ACM",
  month = "October",
  year = "2004"
}

@inproceedings{ssc03,
  author = "T. Sherwood and S. Sair and B. Calder",
  title = "Phase Tracking and Prediction",
  booktitle = "Proc. ISCA",
	pages = "288-299",
  month = "June",
  year = "2003"
}

@inproceedings{sbb+01,
  author = "R. Sekar and M. Bendre and D. Dhurjati and P. Bollineni",
  title = "A Fast Automaton-Based Method for Detecting Anomalous Program
  Behaviors.",
  booktitle = "Symp. on Security and Privacy", 
	pages = "144-155",
	publisher = "IEEE",
  month = "May",
  year = "2001"
}
  
@inproceedings{svb+03,
  author = "R. Sekar and V. N. Venkatakrishnan and S. Basu and S. Bhatkar and
  D. C. DuVarney",
  title = "Model-Carrying Code: {A} Practical Approach for Safe Execution of
  Untrusted Applications",
  booktitle = "Proc. SOSP",
	publisher = "ACM",
	pages = "15-28",
  year = "2003"
}

@inproceedings{wd01,
  author = "D. Wagner and D. Dean",
  title = "Intrusion Detection via Static Analysis",
  booktitle = "Symp. on Security and Privacy",
	pages = "156-169",
	publisher = "IEEE",
  month = "May",
  year = "2001"
}

@inproceedings{yr04,
  author = "E. Yahav and G. Ramalingam",
  title = "Verifying Safety Properties using Separation and Heterogenous
  Abstractions",
  booktitle = "Proc. PLDI",
	publisher = "ACM",
  pages = "25-34",
  Month = "June",
  year = "2004"
}

@inproceedings{llm+04,
   author = "Z. Li and S. Lu and S. Myagmar and Y Zhou",
   title = {CP-Miner: A tool for finding copy-paste and related bugs in operating system code},
   booktitle = "Proc. OSDI",
	 publisher = "ACM/USENIX",
	 pages = "289-302",
   month = Dec,
   year = 2004
}
@inproceedings{qts+05,
	author = "F. Qin and J. Tucek and J. Sundaresan and Y. Zhou",
	title = "{Rx}: {Treating} bugs as allergies---a safe method to survive
	software failures",
	booktitle = "Proc. SOSP",
	publisher = "ACM",
	pages = "235-248",
	month = "Oct",
	year = 2005
}
