@inproceedings{copilot:sec04,
  author    = {N. L. Petroni  and
               T. Fraser and
               J. Molina and
               W. A. Arbaugh},
  title     = {Copilot:  a Coprocessor-based Kernel Runtime Integrity Monitor},
  booktitle = {USENIX Security Symp.},
  year      = {2004},
}

@inproceedings{hooksafe:ccs09,
	title = "Countering Kernel Rootkits with Lightweight Hook Protection",
	author = "Z. Wang and X. Jiang and W. Cui and P. Ning",
	booktitle = "ACM Conf. on Computer and Communications Security",
	year = 2009
}

@inproceedings{kop:ccs09,
	author = "M. Carbone and W. Cui and L. Lu and W. Lee and M. Peinado and X.
	Jiang",
	title = "Mapping Kernel Objects to Enable Systematic Integrity Checking",
	booktitle = "ACM Conf. on Computer and Communications Security",
	year = 2009
}	

@inproceedings{sbcfi:ccs07,
 author = {N. L. Petroni and M. Hicks},
 title = {Automated detection of persistent kernel control-flow attacks},
 booktitle = {ACM Conf. on Computer and Communications Security},
 year = {2007},
 }


@inproceedings{dynspec:sec06,
  author    = {N. L. Petroni and T. Fraser and A. Walters and W. A. Arbaugh},
  title     = {An Architecture for Specification-Based Detection of Semantic Integrity Violations in Kernel Dynamic Data},
  booktitle = {USENIX Security Symp.},
  year      = {2006},
}



@inproceedings{zhang:sigops02,
 author = {X. Zhang and L. van Doorn and T. Jaeger and R. Perez and R. Sailer},
 title = {Secure coprocessor-based intrusion detection},
 booktitle = {10th ACM SIGOPS European workshop: beyond the PC},
 year = {2002},
 }

@inproceedings{osck:asplos11,
 author = {O. S. Hofmann and A. M. Dunn and S. Kim  and I. Roy and E. Witchel},
 title = {Ensuring Operating System Kernel Integrity with OSck},
 booktitle = { 16th Conference on Architectural Support for Programming
Languages and Operating Systems},
	
 year = {2011}
} 


@inproceedings{stealth:oak07,
 author = {A. Baliga and P. Kamat and L. Iftode},
 title = {Lurking in the Shadows: Identifying Systemic Threats to Kernel Data},
 booktitle = {IEEE Symposium on Security and Privacy},
 year = {2007},
}

@article{gibraltar:tdsc:2011,
  author = "A. Baliga and V. Ganapathy and L. Iftode",
  title = "Detecting Kernel-level Rootkits using Data Structure Invariants",
	journal = "IEEE Transactions on Dependable and Secure Computing"
,
	volume = 8,
	number = 4,
  
  year = 2011
}

@inproceedings{patagonix:security:2008,
  author = "L. Litty and H. A. Lagar-Cavilla and D. Lie",
  title = "Hypervisor Support for Identifying Covertly Executing Binaries",
  booktitle = "17th USENIX Security Symposium",
  
  year = 2008
}

@techreport{a72,
  author = "J. P. Anderson",
  title = "Computer Security Technology Planning Study, Volume {II}",
  institution = "Deputy for Command and Management Systems",
  number = "ESD-TR-73-51",
  address = "L. G. Hanscom Field, Bedford, MA",
  
  year = 1972
}

@inproceedings{hypersafe:oak10,
	author = "Z. Wang and X. Jang",
	title = "HyperSafe: A Lightweight Approach to Provide Lifetime Hypervisor
	Control-Flow Integrity",
	booktitle = "IEEE Symposium on Security and Privacy",
	
	year = 2010
}

@inproceedings{nohype:isca10,
	author = "E. Keller and J. Szefer and J. Rexford and R. Lee",
	title = "NoHype: Virtualized Cloud Infrastructure without the Virtualization",
	booktitle = "International Symposium on Computer Architecture",
	year = 2010
}

@misc{okl4,
	title = "{OKL4} Microvisor: {Open} Kernel Labs",
	note = "\url{www.ok-labs.com/products/okl4-microvisor}"
}

@inproceedings{xenarm,
	title = "{{Xen} on {ARM}: System Virtualization Using {Xen} Hypervisor for
	{ARM}-Based Secure Mobile Phones}",
	author = "J. Hwang and S. Suh and  S. Heo and  C. Park and J. Ryu and  S. Park and C. Kim",
	booktitle = "Consumer Communications and Networking Conference",
	
	year = "2008"
}

@misc{vmwaremobile,
  title="{VMware Mobile Virtualization Platform}",
  howpublished="\url{www.vmware.com/technology/mobile/}",
}

@inproceedings{Nishii:2007p1222,
  Author = {O Nishii and I Nonomura and Y Yoshida and K Hayase and S Shibahara and Y Tsujimoto and M Takada and T Hattori},
  booktitle = {IEEE Asian Solid-State Circuits Conference, 2007.},
  Title = {Design of a 90nm {4-CPU} 4320MIPS {SoC} with individually managed
	frequency and {2.4GB/s} multi-master on-chip interconnect},
  Year = {2007},
}

@article{intel:mpspec,
  Author = {Intel},
  Title = {MultiProcessor Specification},
  Year = {2007},
  note =
	"\url{www.intel.com/design/archives/processors/pro/docs/242016.htm}", 
}

@INPROCEEDINGS{Bickford10,
 AUTHOR = "J. Bickford and R. O'Hare and A. Baliga and V. Ganapathy and L. Iftode",
 TITLE = "{Rootkits on Smart Phones: Attacks, Implications and Opportunities}",
 BOOKTITLE = "{Workshop on Mobile Computing Systems and Applications}",
 MONTH = "February",
 YEAR = 2010
}

@misc{iphone-rootkit,
  booktitle = "ToorCon: San Diego's hacker conference",
  author = "E. Monti",
  Howpublished = {\url{sandiego.toorcon.org/index.php?option=com_content&task=view&id=48&Itemid=9}},
  title = "{iPhone Rootkit? There's an App for That}",
  
  year = 2010
}

@misc{android-rootkit,
  author = "N. Percoco and C. Papathanasiou",
  title = "{This Is Not the Droid You're Looking For...}",
  Howpublished = {\url{www.defcon.org/images/defcon-18/dc-18-presentations/Trustwave-Spiderlabs/DEFCON-18-Trustwave-Spiderlabs-Android-Rootkit-WP.pdf}},
  booktitle = "Defcon-18 Conference",
  
  year = 2010,
}

@inproceedings{vehicle:oak10,
	author = "K. Koscher and A. Czeskis and F. Roesner and S. Patel and T. Kohno
	and S. Checkoway and D. McCoy and B. Kantor and D. Anderson and H. Shacham
	and S. Savage",
	title = "Experimental Security Analysis of a Modern Automobile",
	booktitle = "IEEE Symposium on Security and Privacy",
	
	year = 2010
}

@misc{xv6,
	author = "R. Cox and M. F. Kaashoek and R. T. Morris",
	title = "{Xv6}, a simple {Unix}-like teaching operating system",
	note = "\url{pdos.csail.mit.edu/6.828/xv6}"
}

@misc{CVE-2007-4993,
	author = "Mitre Corp.",
  title = "{CVE}-2007-4993: {Xen} guest root can escape to domain 0 through pygrub",
}

@misc{CVE-2007-5497,
	author = "Mitre Corp.",
  title = "{CVE}-2007-5497: Multiple integer overflows in libext2fs in e2fsprogs",
}

@misc{CVE-2008-1943,
	author = "Mitre Corp.",
  title = "{CVE}-2008-1943: Buffer overflow in the backend of {Xen}Source {Xen} Para Virtualized Frame Buffer",
}

@misc{CVE-2008-2100,
	author = "Mitre Corp.",
  title = "{CVE}-2008-2100: VMWare buffer overflows in VIX API let local users execute arbitrary code in host OS",
}

@misc{CVE-2008-0923,
	author = "Mitre Corp.",
  title = "{CVE}-2008-0923: Directory traversal vulnerability in the Shared Folders feature for VMWare",
}

@misc{Xbox,
  title = "Xbox 360 hypervisor privilege escalation vulnerability",
  year = 2007,
  note = "\url{www.h-online.com/security/news/item/Xbox-360-hack-was-the-real-deal-732391.html}"
}

@inproceedings{blackhat09,
  author = "{K. Kortchinsky}",
  title = "Hacking 3D (and Breaking out of VMWare)",
  booktitle = "BlackHat USA",
  year = 2009
}

@inproceedings{blackhat08,
  author = "{R. Wojtczuk}",
  title = "Subverting the {Xen} hypervisor",
  booktitle = "BlackHat USA",
  year = 2008
}

@misc{intel:scc1,
	title = "The {SCC} Programmer's Guide revision 0.61 - {Intel} Research",
	note =
	"\url{techresearch.intel.com/spaw2/uploads/files/SCCProgrammersGuide.pdf}",
	year = "2010"
}

@misc{intel:scc2,
	title = "The {SCC} Platform Overview - {Intel} Research",
	note =
	"\url{techresearch.intel.com/spaw2/uploads/files/SCC_Platform_Overview.pdf}",
	year = 2010
}

@inproceedings{intel:scc3,
	title = "Single Chip Clould Computer: {An} experimental many-core processor
	from {Intel} Labs",
	booktitle = "Intel Labs Single-chip Cloud Computer Symposium",
	
	year = 2010,
	note = "\url{communities.intel.com/servlet/JiveServlet/downloadBody/5075-102-1-8132/SCC_Sympossium_Mar162010_GML_final.pdf}"
}

@misc{vmwareapi,
	author = "VMWare",
	title = "{VMsafe} Partner Program",
	note = "\url{www.vmware.com/go/vmsafe}"
}

@misc{xenaccess,
	title = "xenaccess - {A} virtual machine introspection library for {{Xen}}",
	note = "\url{code.google.com/p/xenaccess}",
}

@inproceedings{patagonix:sec08,
  author = "L. Litty and H. A. Lagar-Cavilla and D. Lie",
  title = "{Hypervisor Support for Identifying Covertly Executing Binaries}",
  booktitle = "{17th USENIX Security Symposium}",
  
  year = 2008
}

@inproceedings{secvisor:sosp07,
  author = "A. Seshadri and M. Luk and N. Qu and A. Perrig",
  title = "{SecVisor: A Tiny Hypervisor to Provide Lifetime Kernel Code Integrity for Commodity OSes}",
  booktitle = "{21st ACM Symposium on Operating Systems Principles}",
  
  year = 2007
}

@inproceedings{jiang:ccs07,
	author = "X. Jiang and X. Wang and D. Xu",
	title = "Stealthy Malware Detection through {VMM}-based `Out-of-the-box'
	Semantic View Reconstruction",
	booktitle = "{14th ACM Conf. on Computer and Communications Security}",
	year = 2007
}

@misc{cortex,
  Author = {ARM},
  Howpublished = {\url{www.arm.com/products/processors/cortex-a/cortex-a9.php}},
  Title = {Cortex-A9 Processor}
}

@misc{lgoptimus,
	note =
	"\url{www.lg.com/global/press-release/article/lg-launches-world-first-and-fastest-dual-core-smartphone.jsp}",
	title = "{LG} launches world's first and fastest dual-core smartphone",
	
	year = 2010
}

@misc{myrinetcard,
    title = "Myricom: Pioneering High Performance Computing",
    howpublished = "\url{www.myri.com}"
}

@inproceedings{pciattack,
  author    = {J. Rutkowska},
  title     = {Beyond the {CPU}: {Defeating} Hardware based {RAM} Acquisition,
	part {I}: {AMD} case},
  booktitle = {Blackhat Conf.},
  year      = {2007},
}

@inproceedings{murray:vee08,
	title = "Improving {{Xen}} security through disaggregation",
	author = "D. Murray and G. Milos and S. Hand",
	booktitle = "Intl. Conf. on Virtual Execution Environments",
	
	year = 2008
}

@inproceedings{chennoble:hotos01,
	author = "P. M. Chen and B. Noble",
	title = "When Virtual is Better than Real",
	booktitle = "Workshop on Hot Topics in Operating Systems",
	year = 2001
}

@misc{inteltxt,
	author = "Intel Corporation",
	title = "{LaGrande} technology preliminary
	architecture specification",
	note = "Intel Publication no. D52212", 
	
	year = 2006
}

@misc{amdsvm,
	author = "Advanced Micro Devices",
	title = "{AMD64} virtualization: {Secure} virtual machine architecture
	reference manual",
	note = "AMD Publication no. 33047 rev. 3.01",
	
	year = 2005,
}


@techreport{shype,
	author = "R. Sailer and E. Valdez and T. Jaeger and R. Perez and
	L. van Doorn and J. Griffin and S. Berger",
	title = "{sHype}: Secure Hypervisor Approach to Trusted Virtualized Systems",
	institution = "IBM Research",
	number = "RC23511",
	year = 2005
}

@inproceedings{flicker:eurosys08,
	author = "J. McCune and B. Parno and A. Perrig and M. Reiter and H. Isozaki",
	title = "Flicker: An Execution Infrastructure for {TCB} Minimization",
	booktitle = "European Conference on Computer Systems",
	
	year = 2008
}

@inproceedings{vmi:ndss03,
 author = "T. Garfinkel and M. Rosenblum",
 title = "A Virtual Machine Introspection Based Architecture for Intrusion Detection",
 booktitle = "Network and Distr. Systems Security Symp.",
 year = "2003",
 }


@inproceedings{subvirt:oak06,
    author = "S. King and P. Chen and Y. Wang and C. Verblowski and
    H. J. Wang and J. R. Lorch",
    title = "SubVirt: Implementing Malware with Virtual Machines",
    booktitle = "IEEE Symp. on Security and Privacy",
    year = 2006
}

@inproceedings{gateway:ndss11,
	author = "A. Srivastava and J. Giffin",
	title = "Efficient monitoring of untrusted kernel-mode execution",
	booktitle = "Networked and Distributed systems security symposium",
	
	year = 2011
}

@misc{unixbench,
	title = "byte-unixbench: A {Unix} benchmark suite",
	note = "\url{http://code.google.com/p/byte-unixbench}"
}

@misc{packetStorm,
 title = "Packet Storm",
  note = "\url{http://packetstormsecurity.org/UNIX/penetration/rootkits/}"
} 
