@misc{eclipse,
  author = "{Eclipse Foundation}",
  title = "Eclipse - an open development platform",
  note = "\url{http://www.eclipse.org}"
}

@inproceedings{ba08,
  author = "S. Bugrara and A. Aiken",
  title = "Verifying the Safety of User Pointer Dereferences",
  booktitle = "IEEE Symposium on Security and Privacy",
  month = "May",
  year = 2008
}

@inproceedings{bgi08,
  author = "A. Baliga and V. Ganapathy and L. Iftode",
  title = "Automatic Inference and Enforcement of Kernel Data Structure
  Invariants",
  booktitle = "Annual Computer Security Applications Symposium",
  month = Dec,
  year = 2008
}

@inproceedings{vg05a,
  author = "V. Ganapathy and T. Jaeger and S. Jha",
  title = "Automatic Placement of Authorization Hooks in the {Linux} Security
  Modules Framework",
  booktitle = "ACM CCS",
  month = "November",
  year = 2005
}

@inproceedings{vg05b,
  author = "V. Ganapathy and S. Seshia and S. Jha and T. Reps and R. Bryant",
  title = "Automatic Discovery of {API}-Level Exploits",
  booktitle = "International Conference on Software Engineering",
  month = "May",
  year = 2005
}

@inproceedings{vg06a,
  author = "V. Ganapathy and T. Jaeger and S. Jha",
  title = "Retrofitting Legacy Code for Authorization Policy Enforcement",
  booktitle = "IEEE Symposium on Security and Privacy",
  month = "May",
  year = 2006
}

@inproceedings{vg06b,
  author = "T. Chilimbi and V. Ganapathy",
  title = "{HeapMD}: {Identifying} Heap-based bugs using anomaly detection",
  booktitle = "Intl. Conference on Architectural Support for Programming
  Languages and Operating Systems",
  month = "October",
  year = 2006
}

@inproceedings{vg03,
  author = "V. Ganapathy and S. Jha and D. Chandler and D. Melski and D.
  Vitek",
  title = "Buffer overrun detection using linear programming and static
  analysis",
  booktitle = "ACM CCS",
  month = "October",
  year = 2003
}

@misc{vg08,
  author = "A. Birgisson and M. Dhawan and U. Erlingsson and V. Ganapathy and
  L. Iftode",
  title = "Enforcing Authorization Policies using Transactional Memory
  Introspection",
  note = "Manuscript submitted for conference publication",
  month = "Jan",
  year = 2008
}

@inproceedings{vg07,
  author = "V. Ganapathy and D. King and T. Jaeger and S. Jha",
  title = "Mining Security-Sensitive Operations in Legacy Code using Concept
  Analysis",
  booktitle = "International Conference on Software Engineering",
  month = "May",
  year = 2007
}

@article{ml00,
  author = "A. C. Myers and B. Liskov",
  title = "Protecting privacy using the Decentralized Label Model",
  journal = "ACM Transactions on Computer Systems",
  volume = 9,
  number = 4,
  month = "October",
  year = 2000
}
  
@inproceedings{ymc07,
  author = "A. R. Yumerefendi and B. Mickle and L. P. Cox",
  title = "{TightLip}: {Keeping} applications from spilling the beans",
  booktitle = "Symposium on Networked Systems Design and Implementation",
  month = Apr,
  year = 2007
}

@inproceedings{ekv+05,
  author = "P. Efstathopolous and M. Krohn and S. VanDeBogart and C. Frey and
  D. Ziegler and E. Kohler and D. Mazieres and F. Kaashoek and R. Morris",
  title = "Labels and Event Processes in the {Asbestos} Operating System",
  booktitle = "ACM SOSP",
  month = "October",
  year =2005
}

@inproceedings{kyb+07,
  author = "M. Krohn and A. Yip and M. Brodsky and N. Cliffer and F. Kaashoek
  and E. Kohler and R. Morris",
  title = "Information Flow Control for Standard {OS} Abstractions",
  booktitle = "ACM SOSP",
  month = "October",
  year = 2007
}

@inproceedings{zbkm06,
  author = "N. Zeldovich and S. Boyd-Wickizer and E. Kohler and D. Mazieres",
  title = "Making Information Flow Explicit in {HiStar}",
  booktitle = "Symposium on Operating System Design and Implementation",
  month = "November",
  year = 2006
}

@inproceedings{ls01,
  author = "P. Loscocco and S. Smalley",
  title = "Integrating Flexible Support for Security Policies into the Linux
  Kernel",
  booktitle = "USENIX Annual Technical Conference",
  year = 2001
}

@misc{iommu,
  author = "AMD",
  title = "{AMD} {I/O} Virtualization Technology ({IOMMU}) Specification",
  month = "Feb",
  year = 2007
}

@article{ajm+06,
  author = "D. Abramson and J. Jackson and S. Muthrasanallur and G. Neiger and
  G. Regnier and R. Sankaran and I. Schoinas and R. Uhlig and B. Vembu and J.
  Weigert",
  title = "Intel Virtualization Technology for Directed {I/O}",
  journal = "Intel Technology Journal",
  volume = 10,
  number = 3,
  year = 2006
}

@inproceedings{bs04,
  author = "D. Brumley and D. Song",
  title = "PrivTrans: {Automatically} Partitioning Programs for Privilege
  Separation",
  booktitle = "13th USENIX Security Symposium",
  month = "August",
  year = 2004
}

@inproceedings{bulygin07,
  author = "Yuriy Bulygin",
  title = "Remote and Local Exploitation of Network Drivers",
  booktitle = "Blackhat-USA",
  year = 2007
}

@misc{cms06,
  author = "J. Cache and H. D. Moore and Skape",
  title = "Exploiting 802.11 Wireless Driver Vulnerabilities on Windows",
  note = "\url{http://www.uninformed.org/?v=6\&a=2\&t=sumry}"
}

@misc{maynor07,
  author = "D. Maynor",
  title = "OS {X} Kernel-Mode Exploitation in a Weekend",
  note = "\url{http://uninformed.org/index.cgi?v=8\&a=4}"
}

@inproceedings{cxs+05,
  author = "S. Chen and J. Xu and E. C. Sezer and P. Gauriar and R. K. Iyer",
  title = "Non-Control-Data Attacks are Realistic Threats",
  booktitle = "USENIX Security Symposium",
  month = "August",
  year = 2005
}

@inproceedings{clm+07,
  author = "S. Chong and J. Liu and A. C. Myers and X. Qi and K. Vikram and 
    L. Zheng and X. Zheng",
  title = "Secure Web Applications via Automatic Partitioning",
  booktitle = "21st ACM Symposium on Operating Systems Principles",
  month = "October",
  year = 2007
}

@inproceedings{ccz+07,
  author = "M. Costa and M. Castro and L. Zhou and L. Zhang and M. Peinado",
  title = "{Bouncer}: {Securing} Software by Blocking Bad Input",
  booktitle = "21st ACM SOSP",
  month = "October",
  year = 2007
}

@inproceedings{gbs+07,
  author = "V. Ganapathy and A. Balakrishnan and M. M. Swift and S. Jha",
  title = "Microdrivers: {A} New Architecture for Device Drivers",
  booktitle = "11th Workshop on Hot Topics in Operating Systems",
  month = "May",
  year = 2007
}

@inproceedings{grb+08,
  author = "V. Ganapathy and M. Renzelmann and A. Balakrishnan and M. M. Swift
  and S. Jha",
  title = "The Design and Implementation of Microdrivers",
  booktitle = "13th Intl. Conf. on Architectural Support for
  Programming Languages and Operating Systems",
  month = "March",
  year = 2008
}

@inproceedings{jw04,
  author = "Rob Johnson and David Wagner",
  title = "Finding User/Kernel Pointer Bugs with Type Inference",
  booktitle = "USENIX Security Symposium",
  month = "August",
  year = 2004
}

@inproceedings{kgm+07,
  author = "N. Kothari and R. Gummadi and T. Millstein and R. Govindan",
  title = "Reliable and Efficient Programming Abstractions for Wireless Sensor 
    Networks",
  booktitle = "ACM SIGPLAN Conference on Programming Language Design and 
    Implementation",
  month = "June",
  year = 2007
}



@misc{secfocus1,
  author = "Robert Lemos",
  title = "Device drivers filled with flaws, threaten security",
  booktitle = "Security Focus",
  note = "\url{http://www.securityfocus.com/news/11189}",
  month = "May",
  year = 2005
}


@Proceedings(hpca:2006,
  booktitle =   "Proceedings of the Twelfth IEEE Symposium on High-Performance
                  Computer Architecture",
  month =   Feb,
  year =   2006,
)

@Proceedings(asplos:2006,
  booktitle =   "Proceedings of the Twelfth International Conference on
                  Architectural Support for Programming Languages and Operating
                  Systems",
  month =   Oct,
  year =   2006,
)

@Proceedings(hpca:2007,
  booktitle =   "Proceedings of the Thirteenth IEEE Symposium on High-Performance
                  Computer Architecture",
  month =   Feb,
  year =   2007,
)

@article{lmm+04,
 author = "Nikitas Liogkas and Blair MacIntyre and Elizabeth D. Mynatt
                  and Yannis Smaragdakis and Eli Tilevich and Stephen
                  Voida",
 title = "Automatic Partitioning: Prototyping Ubiquitous-Computing
                  Applications",
 journal = "IEEE Pervasive Computing",
 volume = "3",
 number = "3",
 year = "2004",
 month = jul,
 pages = "40--47",
 }

@article{lmm+??,
  author = "N. Liogkas and B. MacIntyre and E. D. Mynatt and Y. Smaragdakis and
    E. Tilevich and S. Voida",
  title = "Automatic Partitioning: {A} Promising Approach to Prototyping 
    Ubiquitous Computing Applications",
  journal = "IEEE Pervasive Computing",
  month = "TBD",
  year = TBD
} 

@techreport{ld07,
  author = "B. Livshits and C. Ding",
  title = "Code Splitting for Network Bound {Web-2.0} Applications",
  institution = "Microsoft Research",
  number = "MSR-TR-2007-101",
  month = "August",
  year = 2007
}

@inproceedings{pnh07,
  author = "D. Peek and E. B. Nightingale and B. D. Higgins and P. Kumar and J.
  Flinn",
  title = "Sprockets: Safe extensions for distributed file systems",
  booktitle = "2007 USENIX Annual Technical Conference",
  month = "June",
  year = 2007
}

@inproceedings{pfh03,
  author = "N. Provos and M. Friedl and P. Honeyman",
  title = "Preventing Privilege Escalation",
  booktitle = "12th USENIX Security Symposium",
  month = "August",
  year = 2003
}

@inproceedings{tcf+07,
  author = "L. Tan and E. M. Chan and R. Farivar and N. Mallick and J. C.
  Carlyle and F. M. David and R. C. Campbell",
  title = "{iKernel}: Isolating Buggy and Malicious Device Drivers Using Hardware
  Virtualization Support",
  booktitle = "Proceedings of the 3rd IEEE International Symposium on
  Dependable, Autonomic and Secure Computing",
  month = "September",
  year = 2007
}

@inproceedings{ts02,
  author = "E. Tilevich and Y. Smaragdakis",
  title = "{J-Orchestra}: {Automatic} {Java} Application Partitioning",
  booktitle = "16th European Conference on Object-Oriented Programming",
  month = "June",
  year = 2002
}

@inproceedings{tsh05,  
  author = "E. Tilevich and Y. Smaragdakis and M. Handte",
  title = "Appletizing: {Running} Legacy Java Code Remotely from a Web Browser",  
  booktitle = "21st IEEE International Conference on Software Maintainence",
  month = "September",
  year = 2005
}

@inproceedings{zcm+03,
  author = "L. Zheng and S. Chong and A. C. Myers and S. Zdancewic",
  title = "Using Replication and Partitioning to Build Secure Distributed 
    Systems",
  booktitle = "2003 IEEE Symposium on Security and Privacy",
  month = "May",
  year = 2003
}

@article{zzn+02,
  author = "S. Zdancewic and L. Zheng and N. Nystrom and A. C. Myers",
  title = "Secure Program Partitioning",
  journal = "ACM Transactions on Computer Systems",
  volume = 20,
  number = 3,
  pages = "283--328",
  month = "August",
  year = 2002
}

@misc{evansweimer,
  author = "D. Evans and W. Weimer",
  title = "Automatic Identification and Protection of Security-Critical Data",
  note = "\url{http://www.cs.virginia.edu/critical/}"
}

@InProceedings{chou01,
  author = "A. Chou and J. Yang and B. Chelf and S. Hallem and D. Engler",
  title = "An Empirical Study of Operating System Errors",
  booktitle =   "Proceedings of the 18th {ACM} Symposium on Operating Systems Principles",
  month =   oct,
  year =   "2001",
}

@inproceedings{br02,
  author = "T. Ball and S. K. Rajamani",
  title = "The {SLAM} Project: {Debugging} System Software via Static
  Analysis",
  booktitle = "Symposium on Principles of Programming Languages",
  year = 2002
}

@inproceedings{ecch00,
  author = "D. R. Engler and B. Chelf and A. Chou and S. Hallem",
  title = "Checking System Rules using System-Specific, Programmer-Written
  Compiler Extensions",
  booktitle = "Operating System Design and Implementation",
  year = 2000
}

@inproceedings{hcx+02,
  author = "S. Hallem and B. Chelf and Y. Xie and D. Engler",
  title = "A System and Language for Building System-Specific, Static
  Analyses",
  booktitle = "Proceedings of the ACM SIGPLAN 2002 Conference on Programming
  Language Design and Implementation",
  publisher = "ACM Press",
  pages = "69--82",
  month = "June",
  year = 2002
}


@Article{murphy04a,
  author = "Brendan Murphy and Mario R. Garzia",
  title = "Software Reliability Engineering for Mass Market Products",
  journal = "The DoD Software Tech News",
  volume = "8",
  number = "1",
  month = dec,  
  year = "2004",
  note = "Available at \url{http://www.softwaretechnews.com/stn8-1/sremm.html}"
}

@techreport{orgovan03,
  author = "Vince Orgovan and Mike Tricker",
  title = "An Introduction to Driver Quality",
  institution = "Microsoft Corporation",
  number = "WinHec 2003 Presentation DDT301",
  month = aug,
  year = "2003"
}

@Book{richter:win32:1993,
  title = "Advanced {Windows}: The Developer's Guide to the {WIN32}
                  {API} for {Windows NT} 3.5 and {Windows} 95",
  author = "Jeffery Richter",
  year = "1995",
  publisher = "Microsoft Press",
  address = "Redmond, Washington"
}

@Misc{ieee:posix:1996,
  author = "{IEEE Standard 1003.1}",
  title = "Information technology --- Portable Operating System
                  Interface ({POSIX}) --- Part 1: System Application:
                  Program Interface ({API})",
  year = "1996"
}

@misc{ udi99,
  title =  "{Uniform} {Driver} {Interface}: Introduction to {UDI}
                  Version 1.0",
  author =   "Project {UDI}",
  year =  "1999",
  month =  aug,
  howpublished = "\url{http://udi.certek.cc/Docs/pdf/UDI\_tech\_white\_paper.pdf}",
}

@TechReport{arthur04,
  author = "Sandy Arthur",
  title = "Fault Resilient Drivers for {Longhorn} Server",
  institution = "Microsoft Corporation",
  number = "WinHec 2004 Presentation DW04012",
  month = may,
  year = "2004"
}

@inproceedings{wfab00,
  author = "D. Wagner and J. Foster and A. Aiken and E. Brewer",
  title = "A first step towards automated detection of buffer overrun
  vulnerabilities",
  booktitle = "Networked and Distributed Systems Security Symposium",
  month = "February",
  year = 2000
}

@inproceedings{xbs06,
  author = "Wei Xu and Sandeep Bhatkar and R. Sekar",
  title = "Taint-Enhanced Policy Enforcement: A Practical Approach to Defeat a
  Wide Range of Attacks",
  booktitle = "USENIX Security Symposium",
  month = "August",
  year = 2006
}

@inproceedings{qwl+06,
  author = "Feng Qin and Cheng Wang and Zhenmin Li and Ho-soep Kim and Yuanyuan
  Zhou and Youfeng Wu",
  title = "LIFT: A Low-Overhead Practical Information Flow Tracking System for
  Detecting Security Attacks",
  booktitle = "International Symposium on Microarchitecture",
  month = "December",
  year = 2006
}

@inproceedings{zca+06,
  author = "F. Zhou and J. Condit and Z. Anderson and I. Bagrak and R. Ennals
  and M. Harren and G. Necula and E. Brewer",
  title = "{SafeDrive}: {Safe} and Recoverable Extensions using Language-based
  Techniques",
  booktitle = "Operating System Design and Implementation",
  month = "Nov",
  year = 2006
}

@inproceedings{uav+06,
  author = "Ulfar Erlingsson and Martin Abadi and Michael Vrable and Mihai
  Budiu and George Necula",
  title = "{XFI}: Software Guards for System Address Spaces",
  booktitle = "Operating System Design and Implementation",
  month = "Nov",
  year = 2006
}

@inproceedings{cpg+04,
  author = "J. Chow and B. Pfaff and T. Garfinkel and K. Christopher and M.
  Rosenblum",
  title = "Understanding Data Lifetime via Whole System Simulation",
  booktitle = "USENIX Security Symposium",
  month = "August",
  year = 2004
}

@inproceedings{cc04,
  author = "J. Crandall and F. Chong",
  title = "Minos: Architectural Support for Software Security though Control
  Data Integrity",
  booktitle = "International Symposium on Microarchitecture",
  month = "Dec",
  year = 2004
}

@misc{perl,
  title = "Perl security manual page",
  note = "\url{http://www.perldoc.com}"
}

@inproceedings{hm93,  
  author = "M. Herlihy and J. E. B. Moss",
  title = "Transactional Support for Lock Free Data Structures",
  booktitle = "20th International Symposium on Computer Architecture",
  month = "June",
  year = 1993
}

@book{lr06,
  author = "J. R. Larus and R. Rajwar",
  title = "Transactional Memory", 
  series = "Synthesis Lectures on Computer Architecture",
  publisher = "Morgan Claypool",
  year = 2006
}

@article{epg+07,
  author = "M. D. Ernst and J. H. Perkins and P. J. Guo and S. McCamanat and C.
  Pacheco and M. S. Tschantz and C. Xiao",
  title = "The {Daikon} System for dynamic detection of likely invariants",
  journal = "Science of Computer Programming",
  volume = 69,
  number = "1--3",
  month = "Dec",
  year = 2007
}

@inproceedings{dr03,
  author = "Brian Demsky and Martin C. Rinard",
  title = "Automatic Detection and Repair of Errors in Data Structures",
  booktitle = "ACM SIGPLAN Conference on Object-Oriented Programming, Systems,
  Languages and Applications",
  month = "October",
  year = 2003
}

@inproceedings{deg+06,
  author = "Brian Demsky and Michael D. Ernst and Philip J. Guo and Stephen
  McCamant and Jeff H. Perkins and Martin Rinard",
  title = "Inference and Enforcement of Data Structure Consistency
  Specifications",
  booktitle = "International Symposium on Software Testing and Analysis",
  month = "July",
  year = 2006
}

@article{ssb05,
  author = "Michael M. Swift and Brian N. Bershad and Henry M. Levy",
  title = "Improving the Reliability of Commodity Operating Systems",
  journal = "ACM Transactions on Computer Systems",
  volume = 23,
  number = 1,
  month = "Feb",
  year = 2005
}
@Misc{coverity04,
   author = "Coverity",
   title = "Anaylsis of the {Linux} Kernel",
   address = "San Francisco, California",
   year = "2004",
   note = "Available at \url{http://www.coverity.com}"
}

@InProceedings{yang06,
  title = "Automatically generating malicious disks using symbolic execution", 
  author = "Junfeng Yang and Can Sar and Paul Twohey and Cristian
                  Cadar and Dawson Engler",
  booktitle = "IEEE Security and Privacy",
  year = "2006",
}

@Book(larus-rajwar:transactional-memory:book:2006,
  author =       "James R. Larus and Ravi Rajwar",
  title =        "Transactional Memory",
  publisher =    "Morgan \& Claypool Publishers",
  year =         2007,
  topic =        "transactions",
)

@InProceedings(swift:xactossupport:transact:2008,
  author =       "Michael M. Swift and Haris Volos and Neelam Goyal and Luke Yen and Mark D. Hill and David A. Wood",
  title =        "OS Support for Virtualizing Hardware Transactional Memory",
  crossref =     "transact:2008",
  topic =        "transactions",
)

@InProceedings(volos:xact-locks:transact:2008,
  author =       "Haris Volos and Neelam Goyal and Michael M. Swift",
  title =        "Pathological Interaction of Locks with Transactional Memory",
  crossref =     "transact:2008",
  topic =        "transactions",
)
@Proceedings(transact:2008,
  booktitle = "Proceedings of the Third ACM SIGPLAN Workshop on Languages, Compilers, and Hardware
                  Support for Transactional Computing",
  month = Feb,
  year =  2008,
)

@inproceedings{ns05,
  author = "J. Newsome and D. Song",
  title = "Dynamic taint analysis for automatic detection, analysis, and
  signature generation of exploits on commodity software",
  booktitle = "12th Networked and Distributed Systems Security Symposium",
  month = "Feb",
  year = 2005
}

@inproceedings{bhjm05,
  author = "D. Beyer and T. A. Henzinger and R. Jhala and R. Majumdar",
  title = "Checking Memory Safety with {Blast}",
  booktitle = "Intl. Conference on Fundamental Approaches to Software
  Engineering",
  month = "April",
  year = 2005
}

@inproceedings{cw02,
  author = "H. Chen and D. Wagner",
  title = "{MOPS}: {An} Infrastructure for Examining Security Properties of
  Software",
  booktitle = "ACM CCS",
  month = "November",
  year =2002
}

@inproceedings{xce03,
  author = "Y. Xie and A. Chou and D. Engler",
  title = "{ARCHER}: {Using} symbolic, path-sensitive analysis to detect memory
  access errors",
  booktitle = "ACM Symposium on the Foundations of Software Engineering",
  month = "September",
  year = 2003
}

@inproceedings{pfwa06,
  author = "N. L. Petroni and T. Fraser and A. Walters and W. Arbaugh",
  title = "An Architecture for Specification-Based Detection of Semantic
  Integrity Violations in Kernel Dynamic Data",
  booktitle = "USENIX Security Symposium",
  month = "August",
  year = 2006
}

@inproceedings{ph07,
  author = "N. L. Petroni and M. W. Hicks",
  title = "Automated Detection of Persistent Kernel Control-Flow attacks",
  booktitle = "ACM CCS",
  month = "October",
  year = 2007
}

@inproceedings{bki07,
  author = "A. Baliga and P. Kamat and L. Iftode",
  title = "Lurking in the Shadows: Identifying Systemic Threats to Kernel
  Data",
  booktitle = "IEEE Symposium on Security and Privacy",
  month = May,
  year = 2007
}

@InProceedings{yehuda07,
  author = "Muli Ben-Yehuda and Jimi Xenidis and Michal Ostrowski and
                  Karl Rister and Alexis Bruemmer and Leendert Van
                  Doorn", 
  title = "The Price of Safety: Evaluating {IOMMU} Performance",
  booktitle = "Ottwaw Linux Symposium",
  year = "2007"
}

@inproceedings{herder07,
  author    = "Jorrit N. Herder and
               Herbert Bos and
               Ben Gras and
               Philip Homburg and
               Andrew S. Tanenbaum",
  title     = "Failure Resilience for Device Drivers",
  booktitle = "The 37th Annual IEEE/IFIP International Conference on Dependable
               Systems and Networks",
  year      = "2007",
  month     = jun,
  pages     = "41-50",
}


@TechReport{miller88,
  author =   "S. P. Miller and B. C. Neuman and J. I. Schiller and
     J. H. Saltzer",
  title =   "The {Kerberos} Authentication and Authorization System",
  institution =   "MIT",
  year =   "1988",
  type =   "Project {Athena} Technical Plan",
  month =   oct
}


@InProceedings(bobba:pathologies:isca:2007,
  author =       "Jayaram Bobba and Kevin E. Moore and Haris Volos and Luke Yen
                  and Mark D. Hill and Michael M. Swift and David A. Wood",
  title =        "Performance Pathologies in Hardware Transactional Memory",
  crossref =     "isca:2007",
  topic =        "hardware, performance, pathology, contention-management,
                  transactions",
)

@InProceedings(moore:logtm:hpca:2006,
  author =    "Kevin E. Moore and Jayaram Bobba and Michelle J. Moravan and
                  Mark D. Hill and David A. Wood",
  title =     "LogTM: Log-Based Transactional Memory",
  pages =     "258-269",
  crossref =  "hpca:2006",
)

@InProceedings(moravan:nested-logtm:asplos:2006,
  Author =       "Michelle J. Moravan and Jayaram Bobba and Kevin E. Moore and Luke Yen and Mark D. Hill and Ben Liblit and Michael M. Swift and David A. Wood",
  title =        "Supporting Nested Transactional Memory in LogTM",
  crossref =     "asplos:2006",
  pages =        "359-370",
  topic =        "atomicity, consistency, transactions",
)

@InProceedings(yen:logtm-se:hpca:2007,
  author =    "Luke Yen and Jayaram Bobba and Michael R. Marty and Kevin
                  E. Moore and Haris Volos and
                  Mark D. Hill and Michael M. Swift and David A. Wood",
  title =     "LogTM-SE: Decoupling Hardware Transactional Memory from Caches",
  pages = "261-272",
  crossref =  "hpca:2007",
)

@Article{swift06,
  author = "Michael Swift and Muthukaruppan Annamalau and Brian
                  N. Bershad and Henry M. Levy",
  title = "Recovering Device Drivers",
  journal = "ACM Transactions on Computer Systems",
  volume = "24",
  number = "4",
  year = "2006",
  month = nov
}
@Proceedings(isca:2007,
  booktitle =   "Proceedings of the 34th Annual International Symposium on
                  Computer Architecture",
  month =   Jun,
  year =   2007,
)

@Proceedings(hpca:2006,
  booktitle =   "Proceedings of the Twelfth IEEE Symposium on High-Performance
                  Computer Architecture",
  month =   Feb,
  year =   2006,
)

@Proceedings(asplos:2006,
  booktitle =   "Proceedings of the Twelfth International Conference on
                  Architectural Support for Programming Languages and Operating
                  Systems",
  month =   Oct,
  year =   2006,
)

@Proceedings(hpca:2007,
  booktitle =   "Proceedings of the Thirteenth IEEE Symposium on High-Performance
                  Computer Architecture",
  month =   Feb,
  year =   2007,
)

@InProceedings{ waldspurger02,
  author = "Carl Waldspurger",
  title = "Memory resource management in {VMware} {ESX} server",
  booktitle = "Operating System Design and Implementation",
  address = "Boston, MA",
  month = dec,
  year = 2002,
}

@inproceedings{c04,
  author = "P. Chubb",
  title = "Get more device drivers out of the kernel!",
  booktitle = "Ottawa Linux Symp.",
  year = 2004,
  month = jul,
  pages = "149--161"
}

@misc{e03,
  author = "J. Elson",
  title = "{FUSD}: {A} {Linux} Framework for User-Space Devices",
  year = 2004, 
  note = "User manual for FUSD 1.0"
}
@inproceedings{bdf+03,
  author = "P. Barham and B. Dragovic and K. Fraser and S. Hand and T. Harris
  and A. Ho and R. Neugenbauer and I. Pratt and A. Warfield",
  title = "Xen and the art of virtualization",
  booktitle = "ACM SOSP",
  year = 2003
}

@article{bal+90,
  author = "B. N. Bershad and T. E. Anderson and E. D. Lazowska and H. M.
  Levy",
  title = "Lightweight Remote Procedure Call",
  journal = "ACM TOCS",
  volume = "8",
  number = "1",
  year = 1990
}

@inproceedings{b05,
  author = "D. Blythe",
  title = "Windows Graphics Overview",
  booktitle = "Windows Hardware Engr. Conf.",
  year = 2005
}

@inproceedings{fhn+04,
  author = "K. Fraser and S. Hand and R. Neugebauer and I. Pratt and A.
  Warfield and M. Williamson",
  title = "Safe Hardware Access with the {Xen} Virtual Machine Monitor", 
  booktitle = "Workshop on Operating System and Architectural Support
  for the On-Demand {IT} Infrastructure",
  year = 2004
}

@inproceedings{fgb91,
  author = "A. Forin and D. Golub and B. Bershad",
  title = "An {I/O} System for {Mach}",
  booktitle = "USENIX Mach Symp.",
  year = 1991
}

@inproceedings{hs99,
  author = "G. C. Hunt and M. L. Scott",
  title = "The {Coign} Automatic Distributed Partitioning System",
  booktitle = "Operating System Design and Implementation",
  year = 1999
}

@inproceedings{l04,
  author = "B. Langley",
  title = "Windows ``{Longhorn}'' Display Driver Model---Details and
  Requirements",
  booktitle = "Microsoft WinHec",
  year = 2004
}

@article{lcf+05,
  author = "B. Leslie and P. Chubb and N. Fitzroy-Dale and S. Gotz and C. Gray
  and L. Macpherson and D. Potts and Y. Shen and K. Elphinstone and G. Heiser",
  title = "User-level device drivers: {Achieved} Performance",
  journal = "Jour. Comp. Sci. and Tech.",
  volume = "20",
  number = "5",
  year = 2005
}

@inproceedings{lus+04,
  author = "J. LeVasseur and V. Uhlig and J. Stoess and S. Gotz",
  title = "Unmodified Device Driver Reuse and Improved System Dependability via
  Virtual Machines",
  booktitle = "Operating System Design and Implementation",
  year = 2004
}

@inproceedings{l95,
  author = "J. Liedtke",
  title = "On $\mu$-kernel construction",
  booktitle = "ACM SOSP",
  year = 1995
}

@misc{msudf,
  author = "Microsoft",
  title = "Architecture of the User-Mode Driver Framework",
  note = "Version 0.7",
  month = "May",
  year = 2006
}

@misc{t07,
  author = "L. Torvalds",
  title = "{UIO:} {Linux} patch for user-mode {I/O}",
  month = "July",
  year = 2007
}

@inproceedings{wlg93,
  author = "R. Wahbe and S. Lucco and T. E. Anderson and S. L. Graham",
  title = "Efficient Software-based Fault Isolation",
  booktitle = "ACM SOSP",
  year = 1993
}

@mastersthesis{vanmaren99,
  author = "K. T. {Van Maren}",
  title = "The {Fluke} Device Driver Framework",
  school = "Dept. of Computer Science, Univ. of Utah",
  month = "December",
  year = 1999
}  

@inproceedings{yab+86,
  author = "M. Young and M. Accetta and R. Baron and W. Bolosky and D. Golub
  and R. Rashid and A. Tevanian",
  title = "{Mach}: {A} new kernel foundation for {UNIX} development",
  booktitle = "Summer USENIX Conference",
  year = 1986
}

@TechReport{erw05,
  author = "{\'{U}}. Erlingsson and T. Roeder and T. Wobber",
  title = "Virtual Environments for Unreliable Extensions",
  number = "MSR-TR-05-82",
  institution = "Microsoft Research",
  month = jun,
  year = "2005"
}

@misc{macos-iokit,
  author = "{Apple Inc.}",
  title = "Introduction to {I/O} Kit Fundamentals",
  year = 2006
}

@misc{mswdf,
  author = "{Microsoft Corp.}",
  title = "WDM: Introduction to Windows Driver Model",
  howpublished = "\url{http://www.microsoft.com/whdc/archive/wdm.mspx}"
}

@Book{solomon98,
  author =    "David A. Solomon",
  title =    "Inside {Windows NT}",
  publisher =    "Microsoft Press",
  year =    "1998",
  isbn =         "1-57231-677-2"
}


@InProceedings{bbc+06,
  author = "Thomas Ball and Ella Bounimova and Byron Cook and Vladimir
                  Levin and Jakob Lichtenberg and Con McGarvey and
                  Bohus Ondrusek and Sriram K. Rajamani and Abdullah
                  Ustuner",
  title = "Thorough Static Analysis of Device Drivers",
  booktitle = "EuroSys",
  year = 2006
}
  
@misc{microsoft:xp-oca:2003,
  author = "{Microsoft Corporation}",
  title = "Windows {XP} Embedded with Service Pack 1 Reliability",
  howpublished = "\url{http://msdn2.microsoft.com/en-us/library/ms838661.aspx}",
  year = "2003",
  month = jan
}

@inproceedings{wra05,
  author = "E. Witchel and J. Rhee and K. Asanovic",
  title = "Mondrix: {Memory} Isolation for Linux",
  booktitle = "ACM SOSP",
  year = 2005
}

@inproceedings{pws+03,
  author = "A. Purohit and C. P. Wright and J. Spadavecchia and E. Zadok",
  title = "{Cosy}: {Develop} in User-Land, Run in Kernel-Mode",
  booktitle = "HotOS",
  year = 2003
}

@InProceedings{armand91,
  author = "Francois Armand",
  title =  "Give a Process to your Drivers!",
  booktitle = "EurOpen Autumn 1991",  
  year = "1991",
  month = sep
}

@misc{msidl,
  author = "{Microsoft Inc.}",
  title = "Microsoft Interface Definition Language",
}

@misc{sunidl,
  author = "{Sun Microsystems}",
  title = "Java IDL",
  howpublished = "\url{http://java.sun.com/products/jdk/idl}"
}

@inproceedings{ns07,
  author = "N. Nethercode and J. Seward",
  title = "{Valgrind}: {A} Framework for Heavyweight Dynamic Binary
  Instrumentation",
  booktitle = "ACM SIGPLAN Conference on Programming Language Design and
  Implementation",
  year = 2007
}

@inproceedings{nmw02,  
  author = "George C. Necula and Scott McPeak and Westley Weimer",
  title = "{CCured}: {Type}-safe retrofitting of legacy code",
  booktitle = "Symposium Principles of Programming Languages",
  month = "January",
  year = 2002
}

@artcicle{cf08,
  author = "C. Fetzer and P. Felber",
  title = "Improving Program Correctness with Atomic Exception Handling",
  journal = "JUCS, Special Issue (Atomicity II)",
  volume = "13",
  issue = "8",
  pages = "1047--1072",
  year = "2007",
}

@inproceedings{mp+06,
 author = "Jonathan M. McCune and Adrian Perrig and Michael K. Reiter",
 title = "Bump in the ether: a framework for securing sensitive user input",
 booktitle = "2006 USENIX Annual Technical Conference",
 year = "2006",
 pages = "17--17",
 month = jun,
 }

@article{el+03,
author = "Paul England and Butler Lampson and John Manferdelli and
                  Marcus Peinado and Bryan Willman",
title = "A Trusted Open Platform",
journal = "IEEE Computer",
volume = "36",
number = "7",
year = "2003",
pages = "55-62",
}

@misc{tpm03,
  author = "{Trusted Computing Group}",
  title = "Trusted platform module main specification, Part 1: Design principles, Part 2: TPM structures, Part 3: Commands",
  month = oct,
  year = "2003",
  note = "Version 1.2, Revision 62"
}

@inproceedings{abel05,
  author = "M. Abadi and M. Budiu and U. Erlingsson and J. Ligatti",
  title = "Control-Flow Integrity",
  booktitle = "ACM CCS",
  month = "Nov",
  year = 2005
}

@inproceedings{ccc+05,
  author = "M. Costa and J. Crowcroft and M. Castro and A. Rowstron and L. Zhou
  and L. Zhang and P. Barham",
  title = "Vigilante: {End-to-end} containment of Internet worms",
  booktitle = "20th ACM SOSP",
  month = "Oct",
  year = 2005
}

@inproceedings{sld04,
  author = "G. E. Suh and J. Lee and S. Devadas",
  title = "Secure Program Execution via Dynamic Information Flow Tracking",
  booktitle = "ACM ASPLOS",
  month = "Oct",
  year = 2004
}

@inproceedings{nbs06,
  author = "J. Newsome and D. Brumley and D. Song",
  title = "Vulnerability-Specific Execution Filtering for Exploit Prevention on
  Commodity Software",
  booktitle = "ISOC NDSS",
  month = "Feb",
  year = 2006
}

@inproceedings{bsp+95,
  author = "B. Bershad and S. Savage and P. Pardyak and E. Gun Sirer and D.
  Becker and M. Fiuczynski and C. Chambers and S. Eggers",
  title = "Extensibility, Safety and Performance in the {SPIN} Operating
  System",
  booktitle = "ACM SOSP",
  month = "Oct",
  year = 1995
}

@inproceedings{sess96,
  author = "M. Seltzer and Y. Endo and C. Small and K. Smith",
  title = "Dealing with Disaster: Surviging Misbehaved Kernel Extensions",
  booktitle = "Symposium on Operating System Design and Implementation",
  year = 1996
}

@techreport{hla+05,
  author = "G. C. Hunt and J. R. Larus and M. Abadi and M. Aiken and P. Barham
  and M. Fahndrich and C. Hawblitzel and O. Hodson and S. Levi and N. Murphy
  and B. Steensgaard and D. Tarditi and T. Wobber and B. Zill",
  title = "An Overview of the {Singularity} Project",
  note = "Microsoft Research Technical Report MSR-TR-2005-135",
  year = 2005,
  month = "Oct"
}

@article{ff07,
  author = "C. Fetzer and P. Felber",
  title = "Improving Program Correctness with Atomic Exception Handling",
  journal = "Journal of Universal Computer Science",
  year = 2007
}

@InProceedings{rb+05,
  title = "Networking Driver Performance and Measurement - e1000 A
                  Case Study",
  author = "John A. Ronciak and Jesse Brandeburg and Ganesh Venkatesan
                  and Mitch Williams",
  booktitle = "Ottawa Linux Symposium",
  year = "2005",
  month = jul,
  pages = "133--140"
}

@Book(weikum:open-nested-trans:book:1992,
    author = "Gerhard Weikum and Hans-Jorg Schek",
    title = "Concepts and Applications of Multilevel Transactions and Open Nested Transactions",
    booktitle = "Database Transaction Models for Advanced Applications",
    publisher = "Morgan Kaufmann",
    pages = "515-553",
    year = "1992",
    topic = "database, transactions",
)

@inproceedings{nexus,
  title = "Device Driver Safety Through a Reference Validation Mechanism",
  author = "Dan Williams and Patrick Reynolds and Kevin Walsh and Emin Gun Sirer 
  and Fred B. Schneider",
  booktitle = "Proc. Operating Systems Design and Implementation",
  month = "December",
  year = 2008
}

@inproceedings{cbfv07,
  author = "M. Cova and D. Balzarotti and V. Felmgester and G. Vigna",
  title = "Swaddler: {An} Approach for the Anomaly-based Detection of State
  Violations in Web Applications",
  booktitle = "Recent Advances in Intrusion Detection",
  month = Sep,
  year = 2007
}

@inproceedings{hl02,
  author = "S. Hangal and M. S. Lam",
  title = "Tracking Down Software Bugs using Automatic Anomaly Detection",
  booktitle = "International Conference on Software Engineering",
  month = May,
  year = 2002
}

@article{srw02,
  author = "M. Sagiv and T. Reps and R. Wilhelm",
  title = "Parametric Shape Analysis via 3-valued logic",
  journal = "ACM TOPLAS",
  volume = 24,
  number = 3,
  year = 2002
}

@inproceedings{gjm04,
  author = "J. T. Giffin and S. Jha and B. P. Miller",
  title = "Efficient Context-Sensitive Intrusion Detection",
  booktitle = "NDSS",
  month = "Feb",
  year = 2004
}

@inproceedings{cil,
  author = "G. C. Necula and S. McPeak and S. P. Rahul and W. Weimer",
  title = "{CIL}: {Intermediate} Languages and Tools for Analysis and
  Transformation",
  booktitle = "Compiler Construction",
  month = "April",
  year = 2002
}

@misc{netperf,
  key = "netperf",
  author = "Information Networks Division",
  title = "Netperf: A network performance benchmark",
  note = "\url{http://www.netperf.org}"
}

@misc{vul1,
  author = "MITRE",
  note = "CVE-2007-4571",
  title = "Vulnerabilities in the Advanced Linux Sound Architecture"
}

@misc{vul2,
  note = "\url{http://www.vul.org.au/render.html?it=7058}",
  title = "ESB-2006.0896: Intel Network Adapter Driver Local Privilege
  Escalation",
  author = "AusCERT",
  month = Dec,
  year = 2006
}

@misc{vul3,
  note = "CVE-2007-05",
  author = "MITRE",
  title = "Multiple buffer overflows in the read andwrite handlers in
  the Omnikey CardMan 4040 drive"
}

@misc{vul4,
  note = "CVE-2007-4308",
  author = "MITRE",
  title = "Privilege escalation vulnerabilities in the aacraid SCSI driver"
}

@misc{vul5,
  note = "CVE 2008-0007",
  author = "MITRE",
  title = "Local access to kernel memory in Linux 2.6.22.17"
}

@misc{vul6,
  note = "CVE-2005-0504",
  author = "MITRE",
  title = "Privilege escalation vulnerability in MOXA serial driver",
}

@misc{vul7,
  note = "CVE-2006-2935",
  author = "MITRE",
  title = "Possible buffer overflow in DVD handling"
}

@misc{vul8,
  title = "Possible DoS in write routine of ftdi\_sio driver",
  note = "CVE-2006-2936",
  author = "MITRE",
}

@misc{vul9,
  title = "Orinoco driver information leakage",
  note = "CVE-2005-3180",
  author = "MITRE",
}

@misc{vul10,
  title = "Linux kernel io\_edgeport driver integer overflow",
  note = "CVE-2004-1017",
  author = "MITRE",
}

@misc{vul11,
  title = "Kernel ieee80211 off-by-two integer underflow",
  note = "CVE-2007-4997",
  author = "MITRE",
}

@misc{vul12,
  title = "Linux Kernel do\_replace and NDIS Response Buffer Overflow Vulnerabilities",
  note = "CVE-2006-1368",
  author = "MITRE",
}

@inproceedings{mimicry,
  author = "D. Wagner and P. Soto",
  title = "Mimicry Attacks on Host-Based Intrusion Detection Systems",
  booktitle = "ACM CCS",
  month = "Nov",
  year = 2002
}
