@inproceedings{yao-sam-08
, author = "Danfeng Yao"
, booktitle = "Proceedings of the International Conference on Securiy and Management (SAM)"
, title = "An Ad Hoc Trust Inference Model for Flexible and Controlled Information Sharing"
, year = 2008
, pages = "555-561"
, location = "Las Vegas, NV"
}


@inproceedings{MO-WWW-08
, author = "Mohammad Mannan and Paul C. {v}an Oorschot"
, title = "Privacy-Enhanced Sharing of Personal Content on the Web"
, booktitle = "Proceedings of the Internetional World Wide Web Conference (WWW)"
, year = 2008
, location = "Beijing, China"
, publisher = "ACM Press"
}

@inproceedings{josang-awcr07
, author = "Ardun J$\o$sang"
, title = "Artificial reasoning with subjective logic"
, note = "In conjunction with the Tenth Australian Joint Conference on Artificial Intelligence"
, year = 1997
, booktitle = "Proceedings of Australian Workshop on Commonsense Reasoning"
}

@inproceedings{Covington-ESORICS04,
  author    = {Michael J. Covington and
               Mustaque Ahamad and
               Irfan A. Essa and
               H. Venkateswaran},
  title     = {Parameterized Authentication},
  booktitle = {Proceedings of the 9th European Symposium
               on Research Computer Security (ESORICS)},
  year      = {2004},
  pages     = {276-292}
}

@inproceedings{fuzzyMLS,
 author = {Pau-Chen Cheng and Pankaj Rohatgi and Claudia Keser and Paul A. Karger and Grant M. Wagner and Angela Schuett Reninger},
 title = {Fuzzy Multi-Level Security: An Experiment on Quantified Risk-Adaptive Access Control},
 booktitle = {SP '07: Proceedings of the 2007 IEEE Symposium on Security and Privacy},
 year = {2007},
 isbn = {0-7695-2848-1},
 pages = {222--230},
 doi = {http://dx.doi.org/10.1109/SP.2007.21},
 publisher = {IEEE Computer Society},
 address = {Washington, DC, USA},
}


@inproceedings{redirect,
 author = {David Keppler and Vipin Swarup and Sushil Jajodia},
 title = {Redirection policies for mission-based information sharing},
 booktitle = {SACMAT '06: Proceedings of the eleventh ACM symposium on Access control models and technologies},
 year = {2006},
 isbn = {1-59593-353-0},
 pages = {210--218},
 location = {Lake Tahoe, California, USA},
 doi = {http://doi.acm.org/10.1145/1133058.1133088},
 publisher = {ACM},
 address = {New York, NY, USA},
 }

@article{fuzzy-grid-05,
  author    = {Shanshan Song and
               Kai Hwang and
               Yu-Kwong Kwok},
  title     = {Trusted Grid Computing with Security Binding and Trust Integration},
  journal   = {J. Grid Comput.},
  volume    = {3},
  number    = {1-2},
  year      = {2005},
  pages     = {53-73},
  ee        = {http://dx.doi.org/10.1007/s10723-005-5465-x},
  bibsource = {DBLP, http://dblp.uni-trier.de}
}

@book{Kosko
, author = "B. Kosko"
, title = "Fuzzy Engineering"
, publisher = "Prentice Hall"
, year = 1997
}

@inproceedings{fuzzy-wireless-05
, author = "Qingchun Ren and Qilian Liang"
, title = "Fuzzy Logic-Optimized Secure Media Access Control {(FSMAC)} Protocol
for Wireless Sensor Networks"
, booktitle = "IEEE International Conference on Computational Intelligence for Homeland Security and Personal Safety (CIHSPS 2005)"
, year =2005
}


@inproceedings{fuzzy-94-japan
, author = "T. Munakata and Y. Jani"
, title = "Fuzzy Systems: An Overview"
, booktitle = "Communications of the ACM"
, volume = "37 (3)"
, pages = "69 -- 76"
,year = 1994
}

@inproceedings{fuzzy-94-zadeh
, author = "Lotfi A. Zadeh"
, title = "Fuzzy Logic, Neural Networks, and Soft Computing"
, booktitle = "Communications of the ACM"
, volume = "37 (3)"
, pages = "77 -- 84"
, year = 1994
}
