@misc{honeynet
, key = "honey net"
, note = "Honeynet Project. \url{http://www.honeynet.org/}"
}

@article{notarized-jcs-08,
 author    = {Michael T. Goodrich and
               Roberto Tamassia and
               Danfeng (Daphne) Yao},
  title     = "{Notarized federated ID management and authentication}",
  journal   = {Journal of Computer Security},
  volume    = {16},
  number    = {4},
  year      = {2008},
  pages     = {399-418},
  ee        = {http://dx.doi.org/10.3233/JCS-2008-0324},
  bibsource = {DBLP, http://dblp.uni-trier.de}
}

@inproceedings{att-bot-07
, title = "Wide-scale Botnet Detection and Characterization"
, author = "Anestis Karasaridis and Brian Rexroad and David Hoeflin"
, booktitle = "Proceedings of Usenix Hotbots Workshop"
, year = " 2007"
}

@inproceedings{asiaccs-08
, title = "Efficient signature schemes supporting redaction, pseudonymization and data deidentification"
, author = "Stuart Haber and William Horne and Tomas Sander 
and
Yasuo Hatano and Yoshinori Honda and Kunihiko Miyazaki and Satoru Tezuka and Danfeng Yao"
, booktitle = "ACM Symposium on InformAtion, Computer and Communications Security (AsiaCCS)"
, year = 2008
, location = "Tokyo, Japan"
}


@inproceedings{PallickaraPFG06,
  author    = {Sangmi Lee Pallickara and
               Beth Plale and
               Liang Fang and
               Dennis Gannon},
  title     = {End-to-End Trustworthy Data Access in Data-Oriented Scientific
               Computing.},
  booktitle = {Sixth IEEE International Symposium on Cluster Computing
                 and the Grid (CCGrid 2006)},
  year      = {2006},
  pages     = {395-400}
}								      
								   
@book{cover-thomas
, author = "Thomas M. Cover and Joy A. Thomas"
, title = "Elements of Information Theory"
, publisher = "John Wiley $\&$ Sons, Inc."
, location = "New York"
, year = 1991
}

@inproceedings{icics-06,
author    = {Yingpeng Sang and Hong Shen and Yasuo Tan and Naixue Xiong},
title     = {Efficient Protocols for Privacy Preserving Matching Against
		                   Distributed Datasets.},
booktitle = {Proceedings of the 8th International
	               Conference on Information and Communications Security (ICICS)},
year      = {2006},
pages     = {210-227}
}


@inproceedings {kn-smocndv-03,
	author = {Kang, Jaewoo and Naughton, Jeffrey F. },
	edocument = {http://www.acm.org/sigmod/sigmod03/eproceedings/papers/r08p02.pdf},
	url = {db/conf/sigmod/sigmod2003.html#KangN03},
	title = {On Schema Matching with Opaque Column Names and Data Values.},
	booktitle = {Proc. SIGMOD Conference},
	pages = {205-216},
	date = {2003},
	year = {2003},
	publisher = {ACM},
	isbn = {1-58113-634-X},
	conference = {Proceedings of the 2003 ACM SIGMOD International Conference on Management of Data, San Diego, California, USA, June 9-12, 2003}}

@inproceedings{ckdsves-ppdis-04,
	  author    = {Chris Clifton and
          Murat Kantarcioglu and
          AnHai Doan and
          Gunther Schadow and
         Jaideep Vaidya and
          Ahmed K. Elmagarmid and
          Dan Suciu},
	  title     = {Privacy-preserving data integration and sharing.},
	  booktitle = {Proc. ACM Workshop on Research Issues
              in Data Mining and Knowledge Discovery},
	  year      = 2004,
	  pages     = {19--26},
}


@inproceedings{canetti-composable,
	 author = {Ran Canetti and Yehuda Lindell and Rafail Ostrovsky and Amit Sahai},
	 title = {Universally composable two-party and multi-party secure computation},
	 booktitle = {STOC '02: Proceedings of the thiry-fourth annual ACM symposium on Theory of computing},
	 year = {2002},
	 isbn = {1-58113-495-9},
	 pages = {494--503},
	 location = {Montreal, Quebec, Canada},
	 publisher = {ACM Press},
	 address = {New York, NY, USA},
}


@misc{hhsy-06-1
, author = "Stuart Haber and William G. Horne and Tomas Sander and Danfeng Yao"
, title = "Audit-log integrity using redactable signatures with
pseudonyms"
, note = "{\em Submitted}"
, month = "October"
, year = 2006
}

@misc{hhsy-06-2
, author = "Stuart Haber and William G. Horne and Tomas Sander and Danfeng Yao"
, title = "Privacy-Preserving Verification of Aggregate Queries On Outsourced Databases"
, note = "{\em Submitted}"
, month = "November"
, year = 2006
}


@misc{jason-04
, author = "{MITRE Corporation, JASON Program Office}"
, title = "Horizontal Integration: Broader Access Models for Realizing
Information Dominance"
, year = 2004
}

@inproceedings{KohlasM00,
  author    = {Reto Kohlas and
                 Ueli M. Maurer},
  title     = {Confidence Valuation in a Public-Key Infrastructure Based
                  on Uncertain Evidence.},
  booktitle = {Proceedings of the Third International Workshop on
	          Practice and Theory in Public Key Cryptography (PKC '00)},
  year      = {2000},
  pages     = {93-112},
  publisher = {Springer},
  series    = {Lecture Notes in Computer Science},
  volume    = {1751}
}

@inproceedings{sion-fc-06
, author = "Bogdan Carbunar and Radu Sion"
, title = "Uncheatable Reputation for Distributed Computation Markets"
, booktitle = "Financial Cryptography and Data Security Conference (FC '06)"
, location = "Anguilla, British West Indies"
, year = 2006
}

@article{sip
, title = "Enabling {SIP}-based Sessions in {Ad Hoc} Networks"
, author = "N. Banerjee and A. Acharya and S. Das"
, journal = "Journal of Wireless Networks" 
, volume = "13" 
, number = 4
, pages = " 461 - 479  "
, year = 2007 
}

@inproceedings{op-infocom-05
, author = "W. Chen and L. Clarke and J. Kurose and D. Towsley"
, title = "Optimizing cost-sensitive trust-negotiation protocols"
, booktitle = "Proceedings of the 24th Annual Joint Conference of the IEEE Computer and Communications Societies (INFOCOM)"
, pages = "1431-1442"
, volume = 2
, year = 2005
}

@inproceedings{samarati-ccs-02,
  author    = {Ernesto Damiani and
               Sabrina {De Capitani di Vimercati} and
               Stefano Paraboschi and
               Pierangela Samarati and
               Fabio Violante},
  title     = {A reputation-based approach for choosing reliable resources
               in peer-to-peer networks.},
  booktitle = {ACM Conference on Computer and Communications Security (CCS '02)},
  year      = {2002},
  pages     = {207-216}
}

@inproceedings{yao-trustmodel-07
, title = "Private Distributed Scalar Product Protocol With Application To
	Privacy-Preserving Computation of Trust"
, author = "Danfeng Yao and Roberto Tamassia and Seth Proctor"
, month = "July"
, year = 2007
, location = "Moncton, New Brunswick, Canada"
, booktitle = {Proc. IFIPTM Joint iTrust and PST Conferences on Privacy, Trust Management and Security}
}

@inproceedings{Langh-02
, author = "Marc Langheinrich"
, title = "A privacy awareness system for
	ubiquitous computing environments"
, booktitle = "In 4th International
	Conference on Ubiquitous Computing"
, year = 2002
}

@inproceedings{Snekk-01
, author = "Einar Snekkenes"
, title = "Concepts for personal location privacy policies"
, booktitle = "In Proceedings of the 3rd ACM Conference on Electronic Commerce (CEC)"
, pages  = "48-57"
, publisher = "ACM Press"
, year = 2001
}
	

	
	
@inproceedings{gsjhg-hotos-03
, title = "Privacy-Aware Location Sensor Networks" 
, author = "Marco Gruteser and Graham Schelle and Ashish Jain and Richard Han and Dirk Grunwald" 
, booktitle = "9th USENIX Workshop on Hot Topics in Operating Systems (HotOS IX) "
, year = 2003 
}

@inproceedings{gg-mobisys-03
, title = "Anonymous Usage of Location-Based Services Through Spatial and Temporal Cloaking" 
, author = "Marco Gruteser and Dirk Grunwald "
, booktitle = "ACM/USENIX International Conference on Mobile Systems, Applications, and Services (MobiSys) "
, year = 2003 
}

@inproceedings{kzto-icdcs-05
, author = "P. Kamat and Y. Zhang and  W. Trappe and C. Ozturk"
, title = "Enhancing Source-Location Privacy in Sensor Network Routing"
, booktitle = "Proceedings of 25th International Conference on Distributed Computing Systems  (ICDCS)"
, year = 2005
}

@inproceedings{owa-samarati
, author = "R. Aringhieri and  E. Damiani and  S. {De Capitani di Vimercati} and P. Samarati"
, title = "Assessing Efficiency of Trust Management in {P}eer-to-{P}eer Systems"
, booktile = "1st International Workshop on Collaborative {P}eer-to-{P}eer Information Systems (COPS 2005)"
, location = "Linkoping University, Sweden"
, month = "June"
, year = 2005
}

@proceedings{DBLP:conf/wecwis/2003,
  key = "CEC",
  title     = {2003 IEEE International Conference on Electronic Commerce
		                 (CEC 2003), 24-27 June 2003, Newport Beach, CA, USA},
  booktitle = {CEC},
  publisher = {IEEE Computer Society},
  year      = {2003},
  isbn      = {0-7695-1969-5},
  bibsource = {DBLP, http://dblp.uni-trier.de}
}


@inproceedings{atallah-du
, author = "Mikhail J. Atallah and Wenliang Du"
, title = "Secure Multi-Party Computational Geometry"
, series = "Lecture Notes in Computer Science"
, volume = 2125
, publisher  = "Springer Verlag"
, booktitle = "Proceedings of 7th International Workshop on Algorithms and Data Structures (WADS 2001)"
, month = "August"
, year = 2001
, location  = "Providence, RI, USA"
, pages =  "165-179" 
}

@inproceedings{clifton-scalar-02
, author = "Jaideep Vaidya and Chris Clifton"
, title = "Privacy Preserving Association Rule Mining
	in Vertically Partitioned Data"
, booktitle = "Proceedings of The 8th ACM SIGKDD
	International Conference on Knowledge Discovery and Data Mining"
, pages = "639-644"
, location = "Edmonton, Alberta, Canada"
, month = "July"
, year =  2002
, publisher = "ACM Press"
}

@article{owa
, author = "R. Yager"
, title = "On ordered weighted averaging aggregation operators
	in multi-criteria decision making"
, journal = "IEEE Transactions
	on Systems, Man and Cybernetics"
, volume = "18(1)"
, pages = "183-190"
, year =  1988
}

@inproceedings{trust-cec-03
, author    = {Li Xiong and
                Ling Liu},
  title     = {A Reputation-Based Trust Model for {P}eer-to-{P}eer eCommerce
                Communities.},
  booktitle = {2003 IEEE International Conference on Electronic Commerce (CEC 2003)},
  publisher = {IEEE Computer Society},
  year      = {2003},
  pages     = {275-284},
  ee        = {http://csdl.computer.org/comp/proceedings/cec/2003/1969/00/19690275abs.htm},
  bibsource = {DBLP, http://dblp.uni-trier.de}
}


@article{pin02
, author = "Benny Pinkas"
, title = "Cryptographic Techniques for Privacy-Preserving Data Mining"
, journal = "KDD Explorations"
, volume = "4(2)"
, pages  = "12-19"
, year = 2002
}
}


@inproceedings{cec-03,
  author    = {Mikhail J. Atallah and
         Hicham G. Elmongui and
         Vinayak Deshpande and
         Leroy B. Schwarz},
  title     = {Secure Supply-Chain Protocols.},
  booktitle = {2003 IEEE International Conference on Electronic Commerce (CEC 2003)},
  publisher = {IEEE Computer Society},
  year      = {2003},
  pages     = {293-302},
  ee        = {http://csdl.computer.org/comp/proceedings/cec/2003/1969/00/19690293abs.htm},
  bibsource = {DBLP, http://dblp.uni-trier.de}
}

@inproceedings{YFAT-06
, author = "Danfeng Yao and Keith B. Frikken and Mikhail J. Atallah and Roberto Tamassia"
, title = "{Point-Based Trust: Define How Much Privacy Is Worth}"
, booktitle = "Proc. Int. Conf. on Information and Communications Security (ICICS)"
, publisher = {Springer}
, series = {LNCS}
, volume = {4307}
, pages ={190--209}
, year = 2006
}


@misc{point-based
, author = "Danfeng Yao and Keith B. Frikken and Mikhail J. Atallah and Roberto Tamassia"
, title = "Flexible, Secure and Private Point-based Trust Management"
, note = "Technical Report. Brown University."
, month = "November"
, year = 2005
}

@inproceedings{zhong-incentive-05
, title = "On Designing Incentive-Compatible Routing and Forwarding Protocols in Wireless Ad-Hoc Networks -- An Integrated Approach Using Game Theoretical and Cryptographic Techniques"
, author = "Sheng Zhong and Li Erran Li and Yanbin Grace Liu and Yang Richard Yang" 
, booktitle = "Proceedings of the Eleventh Annual International Conference on Mobile Computing and Networking (MOBICOM '05)"
, year = 2005
}


@inproceedings{helen-wang-ccs
, title = " Applications of Secure Electronic Voting to Automated Privacy-Preserving Troubleshooting"
, author = "Qiang Huang and David Jao and Helen J. Wang"
, booktitle = "Proceedings of the 12th ACM Conference on Computer and Communications Security (CCS)"
, location = "Alexandria, VA"
, month = "November"
, year = 2005
}

@inproceedings{wright-kdd-05
, author = "Geetha Jagannathan and Rebecca N. Wright"
, title = "Privacy-preserving distributed k-means clustering over arbitrarily partitioned data"
, booktitle = " Proceedings of the Eleventh ACM SIGKDD International Conference on Knowledge Discovery in Data Mining"
, pages = "593-599"
, year = 2005
}

@inproceedings{danezis
, author = "George Danezis and Stephen Lewis and Ross Anderson"
, title = "How Much is Location Privacy Worth?"
, booktitle = "Fourth Workshop on the Economics of Information Security (WEIS 2005)"
, location = "Harvard University"
, year = 2005
}


@inproceedings{jeancamp,
  author =       {L Jean Camp and Catherine Wolfram },
  booktitle =        {Advances in Information Security -- Economics of Information Security},
  title  =      {Pricing Security},
  publisher =    {Kluwer Academic Publishers},
  year =         2004,
  volume =       12,
  pages =        {17-34}
}

@inproceedings{landwehr,
  author =       {Carl E. Landwehr},
  booktitle =        {Advances in Information Security -- Economics of Information Security},
  title  =      {Improving Information Flow in the Information Security Market},
  publisher =    {Kluwer Academic Publishers},
  year =         2004,
  volume =       12,
  pages =        {155-163}
}

@article{drew-dean-04
, author = "Ajay Chander and Drew Dean and John C. Mitchell"
, title = "Reconstructing Trust Management"
, journal = "Journal of Computer Security"
, volume = " 12(1)"
, pages = "131-164"
, year = 2004
}

@inproceedings{NewTN,
author = "Keith B. Frikken and Jinagtao Li and Mikhail J. Atallah",
title = "Trust Negotiation with Hidden Credentials, Hidden Policies, and
Policy Cycles",
booktitle = "Proceedings of the 13th Annual Network and Distributed System Security Symposium (NDSS)",
year = 2006
}

@inproceedings{lipmaa-03
, author = "Helger Lipmaa"
, title = "Verifiable homomorphic oblivious transfer and private equality
test"
, booktitle = "Advances in Cryptology --- Asiacrypt '03"
, pages = " 416-433"
, series = "LNCS"
, year = 2003
}

@conference{ks05set,
	author = {Lea Kissner and Dawn Song},
	title = {Private and Threshold Set-Intersection},
	month = {August},
	year = {2005},
	booktitle = {Advances in Cryptology -- CRYPTO '05}
}


@book{clrs-01
, author = "Thomas H. Cormen and Charles E. Leiserson and Ronald L.Rivest and Clifford Stein"
, title = " Introduction to algorithms"
, publisher = "MIT Press"
, year = 2001
}
	
@article{canetti-composition-00
, author = "Ran Canetti"
, title = " Security and Composition of Multiparty Cryptographic Protocols"
, journal = "Journal of Cryptology"
, volume = "13(1)"
, pages = " 143-202"
, year = 2000
}												    
@misc{du-phd-01
, author = "W. Du"
, title = " A Study of Several Specific Secure Two-party
	Computation Problems"
, note = " PhD thesis, Purdue
	University, West Lafayette, Indiana"
, year = 2001
}

@inproceedings{Damgard:2001,
author= "I. Damg{\aa}rd and M. Jurik",
title="A Generalisation, a Simplification and Some Applications of {P}aillier's Probabilistic Public-Key System",
booktitle="4th International Workshop on Practice and Theory in Public Key Cryptosystems (PKC '01)",
year=2001,
series="LNCS 1992",
pages = "119-136" }

@misc{Okamoto:1998,
  author = "T. Okamoto and S. Uchiyama and E. Fujisaki",
  title = "{EPOC}: Efficient Probabilistic Public-Key Encryption",
  note = "T. Okamoto, S. Uchiyama, and E. Fujisaki. EPOC: Efficient Probabilistic
    Public-Key Encryption. Submission to IEEE P1363a. November 1998. Available
    from http://grouper.ieee.org/groups/1363/.",
  year = "1998",
  url = "citeseer.nj.nec.com/article/okamoto98epoc.html" }

@article{Paillier:1999,
author= "P. Paillier",
title="Public-Key Cryptosystems Based on Composite Degree Residuosity Classes",
journal="Advances in Cryptology -- EUROCRYPT 1999",
year=1999,
volume="LNCS 1592",
pages = "223-238" }

@inproceedings{Frikken:2004,
 author = {Keith B. Frikken and Mikhail J. Atallah},
 title = {Privacy preserving route planning},
 booktitle = {Proceedings of the 2004 ACM workshop on Privacy in the Electronic Society (WPES)},
 year = {2004},
 isbn = {1-58113-968-3},
 pages = {8--15},
 location = {Washington DC, USA},
 doi = {http://doi.acm.org/10.1145/1029179.1029182},
 publisher = {ACM Press},
 oddress = {New York, NY, USA},
 }
@inproceedings{bb-xu-role,
  author    = {Paul Ruth and
               Dongyan Xu and
               Bharat K. Bhargava and
               Fred Regnier},
  title     = {E-notebook Middleware for Accountability and Reputation
               Based Trust in Distributed Data Sharing Communities.},
  booktitle = {iTrust},
  year      = {2004},
  pages     = {161-175},
  ee        = {http://springerlink.metapress.com/openurl.asp?genre=article{\&}issn=0302-9743{\&}volume=2995{\&}spage=161},
  crossref  = {DBLP:conf/itrust/2004},
  bibsource = {DBLP, http://dblp.uni-trier.de}
}

@proceedings{DBLP:conf/itrust/2004,
  editor    = {Christian D. Jensen and
               Stefan Poslad and
               Theodosis Dimitrakos},
  title     = {Trust Management, Second International Conference, iTrust
               2004, Oxford, UK, March 29 - April 1, 2004, Proceedings},
  booktitle = {iTrust},
  publisher = {Springer},
  series    = {Lecture Notes in Computer Science},
  volume    = {2995},
  year      = {2004},
  isbn      = {3-540-21312-0},
  bibsource = {DBLP, http://dblp.uni-trier.de}
}

@inproceedings{scalar,
  author    = {Bart Goethals and
               Sven Laur and
               Helger Lipmaa and
               Taneli Mielik{\"a}inen},
  title     = {On Private Scalar Product Computation for Privacy-Preserving
               Data Mining.},
  booktitle = {ICISC},
  year      = {2004},
  pages     = {104-120},
  ee        = {http://dx.doi.org/10.1007/11496618_9},
  crossref  = {DBLP:conf/icisc/2004},
  bibsource = {DBLP, http://dblp.uni-trier.de}
}

@proceedings{DBLP:conf/icisc/2004,
  editor    = {Choonsik Park and
               Seongtaek Chee},
  title     = {Information Security and Cryptology - ICISC 2004, 7th International
               Conference, Seoul, Korea, December 2-3, 2004, Revised Selected
               Papers},
  booktitle = {ICISC},
  publisher = {Springer},
  series    = {Lecture Notes in Computer Science},
  volume    = {3506},
  year      = {2005},
  isbn      = {3-540-26226-1},
  bibsource = {DBLP, http://dblp.uni-trier.de}
}

@inproceedings{trust-esorics-94
,  author    = {Thomas Beth and
               Malte Borcherding and
               Birgit Klein},
  title     = {Valuation of Trust in Open Networks.},
  booktitle = {ESORICS},
  year      = {1994},
  pages     = {3-18},
  crossref  = {DBLP:conf/esorics/1994},
  bibsource = {DBLP, http://dblp.uni-trier.de}
}

@proceedings{DBLP:conf/esorics/1994,
  editor    = {Dieter Gollmann},
  title     = {Computer Security - ESORICS 94, Third European Symposium
               on Research in Computer Security, Brighton, UK, November
               7-9, 1994, Proceedings},
  booktitle = {ESORICS},
  publisher = {Springer},
  series    = {Lecture Notes in Computer Science},
  volume    = {875},
  year      = {1994},
  isbn      = {3-540-58618-0},
  bibsource = {DBLP, http://dblp.uni-trier.de}
}

@inproceedings{manet-05,
  author    = {Charikleia Zouridaki and
               Brian L. Mark and
               Marek Hejmo and
               Roshan K. Thomas},
  title     = {A quantitative trust establishment framework for reliable
               data packet delivery in {MANET}s.},
  booktitle = {Proceedings of the Third ACM Workshop on Security of Ad Hoc and Sensor Networks (SASN)},
  year      = {2005},
  pages     = {1-10},
  ee        = {http://doi.acm.org/10.1145/1102219.1102222},
  crossref  = {DBLP:conf/sasn/2005},
  bibsource = {DBLP, http://dblp.uni-trier.de}
}

@proceedings{DBLP:conf/sasn/2005,
  editor    = {Vijay Atluri and
               Peng Ning and
               Wenliang Du},
  title     = {Proceedings of the 3rd ACM Workshop on Security of ad hoc
               and Sensor Networks, SASN 2005, Alexandria, VA, USA, November
               7, 2005},
  booktitle = {SASN},
  publisher = {ACM},
  year      = {2005},
  isbn      = {1-59593-227-5},
  bibsource = {DBLP, http://dblp.uni-trier.de}
}

@inproceedings{meeting-central,
 author = {Nicole Yankelovich and William Walker and Patricia Roberts and Mike Wessler and Jonathan Kaplan and Joe Provino},
 title = {Meeting central: making distributed meetings more effective},
 booktitle = {Proceedings of the 2004 ACM Conference on Computer Supported Cooperative Work (CSCW '04)},
 year = {2004},
 isbn = {1-58113-810-5},
 pages = {419--428},
 location = {Chicago, Illinois, USA},
 doi = {http://doi.acm.org/10.1145/1031607.1031678},
 publisher = {ACM Press},
 address = {New York, NY, USA},
 }

@misc{notarizedFIM-full
, author = "Michael T. Goodrich and Roberto Tamassia and Danfeng Yao"
, title = "Notarized Federated Identity Management for Web Services"
, note = "Brown University Technical Report. \url{http://www.cs.brown.edu/cgc/stms/}"
, month = "April"
, year = 2006
}

@article{bkr-cbc-00
, title = "The security of the cipher block chaining message authentication code"
, author = "M. Bellare and J. Kilian and P. Rogaway"
, journal = "Journal of Computer and System Sciences"
, volume = 61
, number = 3
, month = "December"
, year = 2000
, pages = "362--399"
}
	 
@misc{x-survey-05
, author = "{Cyber Security Industry Alliance}"
, title = "Internet Security National Survey, {No.} 2"
, note = "\url{https://www.csialliance.org/StateofCyberSecurity2006/}"
, year = 2005
, month = "December"
}

@inproceedings{gty-notary-06
, author = "Michael T. Goodrich and Roberto Tamassia and Danfeng Yao"
, title = "Notarized Federated Identity Management for Increased Trust in {Web} Services"
, booktitle = "Proc Conf. on Data and Applications Security (DBSec)",
  series =	 {LNCS},
  pages =	 {133--147},
  publisher =	 {Springer},
 year = 2006
}

@article{gty-JCS-08
, author = "Michael T. Goodrich and Roberto Tamassia and Danfeng Yao"
 
, title = "Notarized Federated ID Management and Authentication"
, journal = "Journal of Computer Security"
, note = "To appear"
, year = 2008
, month = "March"
}

@inproceedings{fc-id-theft-05
, title = "Countering Identity Theft through Digital Uniqueness, Location
	Cross-Checking, and Funneling"
, author = "P.C. van Oorschot and  S. Stubblebine"
, booktitle = "Proceedings of Financial Cryptography and Data Security (FC '05)"
, year = 2005
, pages = "31-43"
}

@inproceedings{ww-sac-03
, author = "Andre Weimerskirch and Dirk Westhoff"
, title = "Zero Common-Knowledge Authentication for Pervasive Networks"
, booktitle = "The Tenth Annual Workshop on
Selected Areas in Cryptography (SAC '03)"
, year = 2003
, series = "Lecture Notes in Computer Science"
, volume = 3006
, pages = "73-87"
}


@inproceedings{gp-sws-05
, author = "Thomas Gro\text{\ss} and Birgit Pfitzmann and Ahmad-Reza Sadeghi"
, title = "{Proving a WS-Federation Passive Requestor Profile with a Browser Model}"
, booktitle = "Proceedings of the ACM Workshop on Secure Web Services (SWS '05)"
, year = 2005
}
	
	
@article{lamport-hash-81
, author = "L. Lamport"
, title = "Password authentication with insecure communication"
, journal = " Communications of the ACM"
, volume = "24(11)"
, pages = "770-771"
, month = "November"
, year = 1981
}

@inproceedings{pw-03
, author = "Birgit Pfitzmann and Michael Waidner"
, title = "{Federated Identity-Management Protocols}"
, booktitle = "Security Protocols Workshop"
, year = 2003
, pages = "153-174"
}

@inproceedings{gross-acsac-03
, author = "Thomas Gro\text{\ss}"
, title = "Security analysis of the {SAML} single sign-on browser/artifact profile"
, booktitle = "
	In Proceedings of 19th Annual Computer Security Applications Conference (ACSAC 2003)"
, publisher = " IEEE Computer Society Press"
, year = 2003
}

@misc{liberty
, key = "liberty"
, note = "{L}iberty {A}lliance {P}roject. \url{http://www.projectliberty.org}"
}

@misc{liberty-id-ff
, key = "liberty identity"
, author = "S. Cantor and J. Kemp"
, note = "{L}iberty {ID-FF} Protocols amd Schema Specification. {V}ersion 1.2. {L}iberty {A}lliance {P}roject. \url{http://www.projectliberty.org/specs/}"
}

@misc{libertyv1.0
, note = "Liberty {A}lliance {P}roject: Liberty Protocols and Schemas Specification, Version 1.0"
, key = "libertyv1.0"
, month = "July"
, year =  2002
}

@misc{saml2.0
, author = "S. Cantor and F. Hirsch and J. Kemp and R. Philpott and E. Maler
and J. Hughes and J. Hodges and P. Mishra and J. Moreh"
, title = "{S}ecurity {A}ssertion {M}arkup {L}anguage ({SAML}) {V}2.0."
, note = "{V}ersion 2.0. {OASIS S}tandards."
}

@inproceedings{pfitzmann-pet-03
, author = "Birgit Pfitzmann"
, title = "{Privacy in Enterprise Identity Federation - Policies for Liberty Single Signon}"
, booktitle = "Proceedings of the Third International Workshop on Privacy Enhancing Technologies (PET 2003)"
, pages = "189-204"
, volume = 2760
, year = 2003
}
 
@inproceedings{bertino-dim-05
, author = "A. Bhargav-Spantzel and A. C. Squicciarini and Elisa Bertino"
, title = "Establishing and Protecting Digital Identity in Federation Systems" 
,  booktitle = "Proceedings of the 2005 ACM Workshop on Digital Identity Management"
, month = "November"
, year = 2005
, location = "Fairfax, VA"
, pages = "11-19"

}

@inproceedings{mkt-dim-05
, author = "P. Madsen and Y. Koga and K. Takahashi"
, title = "Federated Identity Management for Protecting Users from {ID} Theft"
, booktitle = "Proceedings of the 2005 ACM Workshop on Digital Identity Management"
, month = "November"
, year = 2005
, location = "Fairfax, VA"
, pages = "77-83"
}

@inproceedings{ghafoor-dim-05
, author = "B. Shafiq and Elisa Bertino and A. Ghafoor"
, title = "Access Control Management in a Distributed Environment Supporting Dynamic Collaboration"
,  booktitle = "Proceedings of the 2005 ACM Workshop on Digital Identity Management"
, month = "November"
, year = 2005
, location = "Fairfax, VA"
, pages = "104-112"
}

@inproceedings{jan-dim-05
, author = " Jan Camenisch and Abhi Shelat and Deiter Sommer and
Simone Fischer-{H\"{u}bner} and Marit Hansen and Henry Krasemann and G.  Lacoste and Ronald Leenes and Jimmy Tseng"
, title = "{Privacy and Identity Management for Everyone}"
,  booktitle = "Proceedings of the 2005 ACM Workshop on Digital Identity Management"
, month = "November"
, year = 2005
, location = "Fairfax, VA"
, pages = "20-27"
}

@misc{id-theft
, title = "Identity theft"
, key = "id-theft"
, note = "\url{http://searchsecurity.techtarget.com/sDefinition/0,,sid14_gci801871,00.html}"
}

@misc{ws-federation-03
, title = "{We}b {S}ervices {F}ederation {L}anguage ({WS-F}ederation)"
, note = "\url{ftp://www6.software.ibm.com/software/developer/library/ws-fed.pdf}"
, key = "ws-federation"
, year = 2003
}

@Techreport{bsxb-pitpuapk-06,
	author = "A. Bhargav-Spantzel and A.C. Squicciarini and R. Xue and E. Bertino",
	institution = "CS Department",
	note = "CERIAS TR 2006-26",
	title = "Practical Identity Theft Prevention using Aggregated Proof of Knowledge",
	abstract = "The problem of identity theft, that is, the act of impersonating others",
	affiliation = "Purdue University"
}

@inproceedings{netprobe,
  author = {Shashank Pandit and Duen Horng Chau and Samuel Wang and Christos Faloutsos},
  title = {{NetProbe}: A Fast and Scalable System for Fraud Detection in Online Auction Networks},
  booktitle = {Proc. WWW},
  year = {2007}
}@misc{opes-ocp
, key = "Opes-ocp"
, note = "{O}pen {P}luggable {E}dge {S}ervices ({OPES}) {C}allout {P}rotocol ({OCP}) {C}ore. 
\url{http://www.ietf.org/rfc/rfc4037.txt}"
}

@misc{opes
, key = "Opes"
, note = "{O}pen {P}luggable {E}dge {S}ervices ({OPES}). \url{http://www.ietf.org/html.charters/opes-charter.html}"
}

@inproceedings{secure-cdn-06
, author = "Danfeng Yao and Yunhua Koglin and Elisa Bertino and Roberto Tamassia"
, title = "Decentralized Authorization and Data Security in Web Content Delivery"
, booktitle = "Proceedings of the 22nd ACM Symposium on Applied Computing (SAC '07), Special Track on Web Technologies"
, month = "March"
, year =  2007
}

@inproceedings{secure-cdn-07
, author = "Danfeng Yao and Yunhua Koglin and Elisa Bertino and Roberto Tamassia"
, title = "Decentralized Authorization and Data Security in Web Content Delivery"
, booktitle = "Proc ACM Symp. on Applied Computing (SAC)"
, pages = {1654 - 1661}
, year =  2007
}


@inproceedings{gridcrypt-04
, author = "Agus Setiawan and David Adiutama and Julius Liman and Akshay Luther and Rajkumar Buyya"
, title = " {G}rid{C}rypt: High Performance Symmetric Key Cryptography Using Enterprise Grids"
, booktitle = "5th International Conference of Parallel and Distributed Computing: Applications and Technologies (PDCAT '04)" 
, pages = "872-877"
, year = 2004
}

@inproceedings{wolfgang-caching-05
, author = "Wolf-Tilo Balke and Wolfgang Nejdl and Wolf Siberski and Uwe Thaden"
, title = "Caching for Improved Retrieval in {P}eer-to-{P}eer Networks"
, booktitle = "Proceedings of the GI/ITG-Workshop (Peer-to-Peer-Systeme und -Anwendungen)"
, location = "Germany"
, year = 2005
}

@inproceedings{wolfgang-reputation-04
, author = "Paul-Alexandru Chirita and Wolfgang Nejdl and Mario T. Schlosser and Oana Scurtu"
, title = " Personalized Reputation Management in {P2P} Networks"
, booktitle = " ISWC Workshop on Trust, Security, and Reputation on the Semantic Web"
, year =  2004
}

@inproceedings{wolfgang-icde-05
, booktitle = "Proceedings of the 21st International Conference on Data Engineering (ICDE'05) "
, pages = " 174-185"
, title = "Progressive Distributed Top-k Retrieval in {P}eer-to-{P}eer Networks"
, author = "Wolf-Tilo Balke and Wolfgang Nejdl and Wolf Siberski and Uwe Thaden"
, year = 2005
}

@article{tree-integrity-05
, title = "A tree-based forward digest protocol to verify data integrity in distributed media streaming"
, author = " A. Habib and D. Xu and M. Atallah and Bharat Bhargava and 
	J. Chuang"
, journal = "IEEE Transactions on Knowledge and Data Engineering"
, volume  = "17(7)"
, month = "July"
, year = 2005
, pages = "1010 - 1014" 
}

@article{tree-sandhu-88
, author = "R. S. Sandhu"
, title = "Cryptographic implementation of a tree hierarchy for access control"
, journal = "Information Processing Letters"
, volume = 27
, year = 1988
, pages = "95-98"
}

@inproceedings{pastry
, author = "Antony Rowstron and Peter Druschel"
, title =  "Pastry: Scalable, Distributed Object Location and Routing for Large-scale Peer-to-peer Systems"
, booktitle = "Proceedings of the 18th IFIP/ACM International Conference on Distributed Systems Platforms (Middleware 2001)"
, month = "November"
, year =  2001
}


@inproceedings{prooflet-02
, author = "Daniel J. Polivy and Roberto Tamassia"
, title = "Authenticating distributed data using Web services and {XML} signatures
"
, booktitle = "Proceedings of the 2002 ACM workshop on XML security"
, pages = "80 - 89 "
, year = 2002
, location = " Fairfax, VA"
}

@inproceedings{secure-pubsub-05
, author = "Mudhakar Srivatsa and Ling Liu"
, title = " Securing Publish-Subscribe Overlay Services with {E}vent{G}uard"
, booktitle = "Proceedings of the 12th ACM Conference on Computer and Communications Security (CCS '05)"
, year = 2005
}
@inproceedings{diao-vldb-04
, title = "Towards an Internet-Scale {XML} Dissemination Service"
, author = "Yanlei Diao and Shariq Rizvi and Michael J. Franklin"
, booktitle = " VLDB Conference"
, month = "August"
, year = 2004
, location = "Toronto"
}

@inproceedings{cao-infocom-04
, author = "Fengyun Cao and Jaswinder Pal Singh"
, title = "Efficient Event Routing in Content-based Publish-Subscribe Service Networks"
, booktitle = "Proceedings of IEEE International Conference on Computer Communications (INFOCOM '04)"
, year = 2004
}


@inproceedings{coral-freedman-04
, title = "Democratizing Content Publication with {C}oral"
, author = "Michael J. Freedman and Eric Freudenthal and David Mazi\`{e}res"
, booktitle = "Proceedings of the USENIX/ACM Symposium on Networked Systems Design and Implementation (NSDI '04)"
, location = " San Francisco, CA"
, month = "March"
, year =  2004
}

@inproceedings{icics-04-mpeg
, author = "Tieyan Li and Yongdong Wu and Di Ma and Huafei Zhu and Robert H. Deng"
, title = "Flexible Verification of {MPEG}-4 Stream in Peer-to-Peer {CDN}"
, booktitle = "Proceedings of the 6th International Conference on Information and Communications Security (ICICS)"
, pages = "79-91"
,year = 2004
}
@article{cagg
, author = "C. Aggarwal and J. L. Wolf and P.S. Yu"
, title = " Caching on the world wide web"
, journal = "IEEE Transactions on Knowledge and Data Engineering"
, volume = "11(1)"
, pages = "94--107"
, month = "January"
, year = 1999
}

 
@inproceedings{bli
, author = "B. Li and M. J. Golin and G. F. Italiano and X. Deng and K. Sohraby"
, title = "On the optimal placement of web proxies in the {I}nternet"
, booktitle = "Proceedings of IEEE International Conference on Computer Communications (INFOCOM '99)"
, month = "March"
, year =  1999
}

@article{ssps
, author = "S. Sivasubramanian and M. Szymaniak and G. Pierre and M. V. Steen"
, title = "Replication for web hosting systems"
, journal = "ACM Computing Surveys"
, volume = "36(3)"
, pages = "291--334"
, month = "September"
, year =  2004
}


@inproceedings{gber
, author = "G. Berhe and L. Brunie and J. M. Pierson"
, title = "Modeling service-based multimedia content adaptation in pervasive
  computing"
, booktitle = "Proceedings of the First Conference on Computing Frontiers"
, month = "April"
, year =  2004
}

@article{FoG98
, author = "A. Fox and S. D. Gribble and Y. Chawathe and E. A. Brewer"
, title = " Adapting to network and client variation using active proxies: lessons and perspectives"
, journal = "IEEE Personal Communications"
, month = "August"
, year = 1998
}

@inproceedings{lbp
, author = "L. Breslau and P. Cao and L. Fan and G. Phillips and and S. Shenker"
, title = " Web caching and {Z}ipf-like distributions: evidence and implications"
, booktitle = " Proceedings of IEEE International Conference on Computer Communications (INFOCOM '99)"
, month = "March"
, year =  1999
}

@inproceedings{vp
, author = "V. Cardellini and P. S. Yu and Y. W. Huang"
, title = " Collaborative proxy system for distributed web content transcoding"
, booktitle = "Proceedings of 9th ACM Int'l Conf. on Information and
  Knowledge Management"
, month = "November"
, year =  2000
}

@inproceedings{cw
, author = "C. H. Chi and Y. Wu"
, title = "An {XML}-Based data integrity service model for web intermediaries"
, booktitle = "Proceedings of the 7th International Workshop on Web Content Caching and Distribution"
, month = "August"
, year =  2003
}

@article{chu
, author = "C. H. Chi and Y. Lin and J. Deng and X. Li and T. Chua"
, title = "Automatic proxy-based watermarking for {WWW}"
, journal = " Computer communication"
, volume = "24(2)"
, pages = "144--154"
, month = "February"
, year =  2001
}

@article{ecom
, author = "B. Thuraisingham and A. Gupta and E. Bertino and E. Ferrari"
, title = " Collaborative commerce and knowledge management"

, journal = "Knowledge and Process Management"
, volume = "9(1)"
, pages = "43--53"
, month = "August"
, year =  2002
}

@article{pma
, author = "P. Maglio and R. Barrett"
, title = "Intermediaries personalize information streams"
, journal = "Communications of the ACM"
, volume = "43(8)"
, pages = "99--101"
, month = "August"
, year =  2000
}


@inproceedings{sa
, author = "S. Buchholz and A. Schill"
, title = " Adaptation-Aware web caching: caching in the future pervasive web"
, booktitle = "13th GI/ITG Conference Kommunikation in Verteilten Systemen (KiVS)"
, year = 2003
}

@inproceedings{jmh
, author = "J-L. Huang and M-S. Chen and H-P. Hung"
, title = "A {QoS}-Aware transcoding proxy using on-demand data broadcasting"
, booktitle = "Proceedings of IEEE International Conference on Computer Communications (INFOCOM '04)"
, month = "March" 
, year = 2004
}

@techreport{tran
, author = "Y. Koglin and E. Bertino"
, title = "Secure content services from cooperative internet intermediaries"
, booktitle = "CERIAS Technical Report"
, department = "Department of Computer Sciences"
, affiliation = "Purdue University"
, year = 2005
}

@inproceedings{sc
, author = "S. Chandra and C. S. Ellis"
, title = "{JPEG} compression metric as a quality aware image transcoding"
, booktitle = "Proceedings of USENIX 2nd Symp. on Internet Technology and Systems"
, month = "October"
, year = 1999
}

@article{han
, author = "R. Han and P. Bhagwat and R. LaMaire and T.Mummert and V. Perret and J. Rubas"
, title = " Dynamic adaptation in an image transcoding proxy for mobile web browsing"
, journal = " IEEE Personal Communications"
, volume = "5(6)"
, pages = "8-17"
, month = "December"
, year = 1998
}

@inproceedings{koglin
, author = "Y. Koglin and G. Mella and E. Bertino and E. Ferrari"
, title = " An update protocol for {XML} documents in distributed and cooperative systems"
, booktitle = " Proceedings of International Conference On Distributed Computing Systems"
, month = "June"
, year =  2005
}

@misc{ssl
, title = "{SSL} Specification"
, key = "SSL"
, note = "Available at:
\url {http://wp.netscape.com/eng/security/SSL_2.html}"
}

@misc{xml
, title = "Extensible Markup Language ({XML})"
, note = "Available at:
\url{http://www.w3.org/XML/}"
, key = "XML"
}

@misc{schema
, title = "{W3C XML} Schema"
, note = "Available at:
\url{ http://www.w3.org/XML/Schema}"
, key = "W3C"
} 

@techreport{hp-john-04
, title = "Secure Media Streaming and Secure Adaptation for Non-scalable Video"
, author = " John Apostolopoulos"
, number = "Technical report HPL-2004-186"
, affiliation = "Hewlett-Packard Laboratories"
, location = "Palo Alto, CA"
, month = "October"
, year = 2004
}

@techreport{wee-john-04
, title = "Secure Transcoding with {JPSEC} Confidentiality and Authentication"
, author = " Susie Wee and John Apostolopoulos"
, number = "Technical report HPL-2004-185"
, institution = "Hewlett-Packard Laboratories"
, location = "Palo Alto, CA"
, month = "October"
, year =  2004
}

@inproceedings{wee-john-01
, title = "Secure Scalable Streaming Enabling Transcoding without Decryption"
, author = " Susie Wee and John Apostolopoulos"
, booktitle = "IEEE International Conference on Image Processing"
, year = 2001
, note = "Available as Hewlett-Packard Laboratories Technical Report HPL-2001-320"
, location = "Palo Alto, CA"
}

@inproceedings{wee-john-utah-01
, title = "Secure Scalable Video Streaming for Wireless Networks"
, author = " Susie Wee and John Apostolopoulos"
, booktitle = "IEEE International Conference on Acoustics, Speech, and Signal Processing"
, location = " Salt Lake City, Utah"
, month = "May"
, year =  2001
}

@inproceedings{ltt-multicast-04
, author = "Anna Lysyanskaya and Roberto Tamassia and Nikos Triandopoulos"
, title = " Multicast Authentication in Fully Adversarial Networks"
, booktitle = " Proceedings of  IEEE Symposium on Security and Privacy (SSP 2004)"
, pages = "241-255"
, year = 2004
}

@article{tapestry
, title = "Tapestry: A Resilient Global-scale Overlay for Service Deployment" 
, author = "Ben Y. Zhao and Ling Huang and Jeremy Stribling and Sean C. Rhea and Anthony D. Joseph and John Kubiatowicz" 
, journal = "IEEE Journal on Selected Areas in Communications"
, month = "January"
, year = 2004
, volume = 22
, number = 1
, pages = "41-53"
} 
		     
@techreport{taperstry-report
,author = "B.Y. Zhao and J. Kubiatowicz and A. D. Joseph" 
, title = " Tapestry: An infrastracture for fault-tolerant wide-area location and routing"
, institution = "University of California, Berkeley"
, year =  2001
}

@inproceedings{plaxton
, author = "C.G. Plaxton and R. Rajaraman and A. W. Richa"
, title = "Accessing nearby copies of replicated objects in a distributed environment"
, booktitle = "Proceedings of ACM SPAA"
, year = 1997
, month = "June"
}

@article{taka
, author = "H. Takahashi and A. Matsuyama"
, title = " An approximate solution for the steiner problem in graphs"
, journal = "Math. Japonica"
, volume = 24
, number = 6
, pages = "573-577"
, year = 1980
}

@inproceedings{jia
, author = "X. Jia"
, title = "A distributed algorithm of delay-bounded multicast routing for multimedia applications in wide area networks"
, booktitle = "IEEE/ACM Transactions on Networking"
, volume = 6
, number = 6
, year = 1998
, month = "December"
}

@inproceedings{chord
, author = "I. Stoica and R. Morris and D. Karger and M. F. Kaashoek and H. Balakrishnan"
, title = "Chord: a scalable peer-to-peer lookup service for internet applications"
, booktitle = "SIGCOMM'01"
, month = "August"
, year = 2001
}

@inproceedings{kompella
, author = "V. P. Kompella and J.C. Pasquale and G.C. Polyzos"
, title = "Two distributed algorithms for multicasting multimedia information"
, booktitle = "ICCCN'93"
, location = "San Diego, CA"
, pages = "343-349"
, month = "June"
, year = 1993
}

@inproceedings{gui
, author = "C. Gui and P. Mohapatra"
, title = " Efficient Overlay Multicast for Mobile Ad Hoc Networks"
, booktitle = "Wireless Communications and Networking Conference (WCNC)"
, year = 2003
}

@inproceedings{hougardy
, author = "Stefan Hougardy and Hans J$\ddot{\mbox{u}}$rgen Pr$\ddot{\mbox{o}}$mel"
, title = "A 1.598 Approximation Algorithm for the Steiner Problem in Graphs"
, booktitle = "SODA 1999"
, pages = "448-453"
, year = 1999
}

@article{collide
, author ="Ajit Agrawal and R. Ravi and Philip Klein"
, title = "When trees collide: An approximation algorithm for the generalized Steiner tree problem on networks"
, journal = "SIAM J. Comput."
, volume =  24
, year = 1995
, pages= "440-456"
}

@inproceedings{bauer
, author = "F. Bauer and A. Varma"
, title = "Distributed algorithms for multicast path set up in data networks"
, booktitle = "IEEE/ACM Trans. Networking"
, volume = 4
, pages = "181-191"
, year = 1996
, month = "April"
}

@misc{parks-survey
, author = "{Parks Associates}"
, title = "Internet Finding Few Newcomers in 2006"
, note = "www.parksassociates.com/press/press\_releases/2006/nat-scan\_pr1.html"
, year = 2006
}
