@inproceedings{beacon:ecoop12,
	author = "R. Karim and M. Dhawan and V. Ganapathy and C. C. Shan",
	title = "An Analysis of the {Mozilla} {Jetpack} Extension Framework",
	series = "LNCS",
	volume = "7313",
	year = 2012,
	pages = "333--355",
	editor = "J. Noble",
	booktitle = "ECOOP 2012"
}

@inproceedings{refactor:oopsla11,
	author = {Asger Feldthaus and Todd Millstein and Anders M\o{}ller and Max Sch\"a{}fer and Frank Tip},
	title = "Tool-supported Refactoring for JavaScript",
	booktitle = "Proc. of OOPSLA'11"
	
}

@misc{sdk-proxy,
  author = "Addon SDK",
  title = "Content proxy",
  note =
"\url{
https://addons.mozilla.org/en-US/developers/docs/sdk/latest/dev-guide/guides/con
tent-scripts/accessing-the-dom.html}"
}

@misc{dom_mutation_performance,
  author = "mozilla.dev.platform",
  title = "Performance impact of DOM mutation listeners",
  note =
"\url{
http://groups.google.com/group/mozilla.dev.platform/browse_thread/thread/2f42f1d
75bb906fb}"
}

@misc{opera_extensions,
  title = "Opera extensions",
  note = "\url{http://dev.opera.com/extension-docs/}"
}

@misc{safari_extensions,
  title = "Safari Extensions",
  author = "",
  note =
"\url{
https://developer.apple.com/library/safari/documentation/Tools/Conceptual/Safari
ExtensionGuide/Introduction/Introduction.html}"
}

@misc{narcissus,
  title = "Narcissus",
  author = "Mozilla",
  note = "\url{http://mxr.mozilla.org/mozilla/source/js/narcissus/}"
}

@misc{doctorjs,
  title = "{Doctor JS}",
  note = "\url{http://doctorjs.org/}"
}

@misc{json,
  title = "{JSON}",
  note = "\url{http://www.json.org/}"
}

@misc{nodejs,
  title = "{node.js}",
  note = "\url{http://nodejs.org/}"
}

@misc{rhino,
  title = "Rhino",
  author = "Mozilla",
  note = "\url{https://developer.mozilla.org/en/Rhino}"
}

@misc{spidermonkey,
  title = "SpiderMonkey",
  author = "Mozilla",
  note = "\url{https://developer.mozilla.org/en/SpiderMonkey}"
}

@misc{commentblocker,
  title = "{CommentBlocker}",
  author = "{Mattias Lindholm}",
  note = "\url{https://addons.mozilla.org/en-US/firefox/addon/commentblocker/}"
}

@misc{e10s,
  title = "{Electrolysis}",
  author = "{Mozilla Developer Network}",
  note = "\url{https://wiki.mozilla.org/Electrolysis}"
}

@misc{greasemonkey,
  author = "{Simon Willison}",
  title = "{Understanding the Greasemonkey vulnerability}",
  note = "\url{http://simonwillison.net/2005/Jul/ 20/vulnerability/}"
}

@misc{jetpack,
  title  = "Jetpack",
  note    = "\url{https://wiki.mozilla.org/Jetpack}",
}

@misc{addonsdk,
  author = "{Mozilla}",
  title = "{Add-on SDK}",
  note = "\url{https://addons.mozilla.org/en-US/developers/docs/sdk/latest/}"
}

@misc{xpcom-sdk,
  author = "{Mozilla}",
  title = "{Implementing XPCOM interface in SDK}",
  note =
"\url{
https://addons.mozilla.org/en-US/developers/docs/sdk/latest/modules/sdk/platform
/xpcom.html}"
}

@misc{query-interface,
  author = "{Mozilla}",
  title = "{Query Interface}",
  note =
"\url{https://developer.mozilla.org/en-US/docs/XPCOM_Interface_Reference/nsISupports#QueryInterface}"
}

@misc{xpcom,
  title = "{XPCOM}",
  author = "{Mozilla Developer Network}",
  note = "\url{http://developer.mozilla.org/en/XPCOM}"
}

@article{vex:cacm11,
  author = "S. Bandhakavi and S. T. King and P. Madhusudan and M. Winslett",
  title = "Vetting Browser Extensions For Security Vulnerabilities with {VEX}",
  journal = "CACM",
	volume = 54,
	number = 9,
	month = Sep,
  year = 2011
}

@article{ter-louw,
  author = " Ter Louw, M. and Lim, J.S. and Venkatakrishnan, V.N",
  title = "Enhancing Web Browser Security against Malware Extensions",
  journal = "J. Computer Virology",
	volume = 4,
	 publisher = "{Springer-Verlag}",
  year = 2008
}


@book{fca,
  author = {Ganter, Bernhard and Wille, Rudolf},
  publisher = "{Springer}",
  title = "{Formal Concept Analysis: Mathematical Foundations}",
  year = 1999
}

@inproceedings{sentinel,
  title        = {Securing Legacy Firefox Extensions with {SENTINEL}},
  author       = { K. Onarlioglu and M. Battal and W. Robertson and
E. Kirda},
  booktitle = {DIMVA 2013 },
	series = "LNCS",
	volume = "7967",
	pages = "122--138",
	editor = "K. Rieck and P. Stewin and J. Seifert",
  year = 2013,
	publisher = "Springer"
}

@inproceedings{redelegation,
 author = {Adrienne Porter Felt and Helen Wang and Alexander Moshchuk and Steve
Hanna and Erika Chin},
 title = {Permission Re-Delegation: Attacks and Defenses},
 booktitle = {Proceedings of the 20th USENIX Security Symp.},
 year = {2011},
 publisher = {USENIX Association},
}

@inproceedings{priv-html5,
  title        = {Privilege Separation in {HTML5} Applications},
  author       = {D. Akahawe and P. Saxena and D. Song},
  booktitle = {USENIX Security Symp.},
	year = 2012
}
 % publisher = {USENIX Association},

@inproceedings{carlini,
 author = {Carlini, N. and Felt, A. P. and Wagner, D.},
 title = {An Evaluation of the Google Chrome Extension Security Architecture},
 booktitle = {USENIX Security Symp.},
 year =  2012

}
% publisher = {USENIX Association},

@inproceedings{ibex,
  title        = {Verified Security for Browser Extensions},
  author       = {Arjun Guha and Matthew Fredrikson and Benjamin Livshits and
Nikhil Swamy},
  year         = 2011,
  month        = may,
  booktitle    = {Proc. of IEEE Symp. on Security and Privacy},
}

@inproceedings{barth_ndss,
  title = {Protecting Browsers from Extension Vulnerabilities},
  author = {A. Barth and A. P. Felt and P. Saxena and A.
Boodman},
  year = {2010},
  booktitle = {Network and Distributed Systems Security Symp.}
}
%  publisher = {The Internet Society},

@inproceedings{sabre,
 author = {Dhawan, M. and Ganapathy, V.},
 title = {Analyzing Information Flow in JavaScript-Based Browser Extensions},
 booktitle = {Annual Computer Security Applications Conference},
 year = 2009
}
% pages = {382--391},

@inproceedings{djeric,
 author = {Djeric, V. and Goel, A.},
 title = {Securing script-based extensibility in web browsers},
 booktitle = {USENIX Security Symp.},
	year = 2010,
 url = {http://dl.acm.org/citation.cfm?id=1929820.1929851},
 acmid = {1929851}

}

@inproceedings{cfa2,
 author = {Vardoulakis, D. and Shivers, O.},
 title = "{CFA2: a context-free approach to control-flow analysis}",
 booktitle = "{ESOP 2010 }",
 series = "LNCS",
 year = 2010,
 volume = "6012",
 editor = "A. Gordon",
 pages = "570--589",
}

@inproceedings{chrome:ndss12,
  title = "{Chrome Extensions: Threat Analysis and Countermeasures}",
  author = {L. Liu and X. Zhang and G. Yan and S. Chen},
  booktitle = {Network and Distributed Systems Security Symp.},
  year = {2012}
}

@inproceedings{privtrans,
 author = {Brumley, D. and Song, D.},
 title = {Privtrans: automatically partitioning programs for privilege
separation},
 booktitle = {13th USENIX Security Symp.},
 year = {2004},
}

@inproceedings{privman,
  author = {Kilpatrick, D.},
  booktitle = {USENIX Annual Technical Conference, FREENIX Track},
  timestamp = {2003-09-03T00:00:00.000+0200},
  title = "{Privman: A Library for Partitioning Applications}",
  year = 2003
}

@article{swift,
 author = {Chong, S. and Liu, J. and Myers, A. C. and Qi, X. and
Vikram, K. and Zheng, L. and Zheng, X.},
 title = {Secure web applications via automatic partitioning},
 journal = {SIGOPS Oper. Syst. Rev.},
 volume = {41},
 number = {6},
 year= 2007,
 issn = {0163-5980},
 numpages = {14},
 url = {http://doi.acm.org/10.1145/1323293.1294265},
 doi = {10.1145/1323293.1294265},
 acmid = {1294265},
 publisher = {ACM},
 address = {New York, NY, USA},
 keywords = {compilers, information flow, security policies},
}

@inproceedings{gatekeeper,
 author = {Guarnieri, Salvatore and Livshits, Benjamin},
 title = {GATEKEEPER: mostly static enforcement of security and reliability
policies for javascript code},
 booktitle = {Proc. of USENIX security'09}


}

@article{jif,
 author = {Zdancewic, S. and Zheng, L. and Nystrom, N. and Myers,
A. C.},
 title = {Secure program partitioning},
 journal = {ACM Trans. Comput. Syst.},
 issue_date = {August 2002},
volume = {20},
 number = {3},
 month = aug,
 year = {2002},
}

@inproceedings{chugh_pldi,
 author = {Chugh, Ravi and Meister, Jeffrey A. and Jhala, Ranjit and Lerner,
Sorin},
 title = {Staged information flow for javascript},
 booktitle = {Proc. of  PLDI '09},
 url = {http://doi.acm.org/10.1145/1542476.1542483},
 doi = {10.1145/1542476.1542483},

}

@inproceedings{myers:2003,
 author = {Zheng, L. and Chong, S. and Myers, A. C. and Zdancewic,
S.},
 title = "{Using Replication and Partitioning to Build Secure Distributed
Systems}",
 booktitle = {IEEE Symp. Security \& Privacy},
 year = 2003,
 url = {http://dl.acm.org/citation.cfm?id=829515.830549}
}

@inproceedings{jflow,
 author = {Myers, A. C.},
 title = {JFlow: practical mostly-static information flow control},
 booktitle = {ACM Principles of Programming Languages},
 year = 1999
}

@inproceedings{guha,
 author = {Guha, A. and Krishnamurthi, S. and Jim, T.},
 title = {Using static analysis for Ajax intrusion detection},
 booktitle = {Intl. Conf. World Wide Web},
 year = {2009},
}

@inproceedings{provos,
 author = {Provos, N. and Friedl, M. and Honeyman, P.},
 title = {Preventing privilege escalation},
 booktitle = {12th USENIX Security Symp.},
 year = {2003},
}

@article{confused_deputy,
 author = {Hardy, N.},
 title = {The Confused Deputy: (or Why Capabilities Might Have Been Invented)},
 journal = {SIGOPS Oper. Syst. Rev.},
 volume = {22},
 number = {4},
 month = oct,
 year = {1988},
} 

@inproceedings{passe:2014,
 author = {Aaron Blankstein and Michael J. Freedman},
 title = "{Automating Isolation and Least Privilege in Web Services}",
 booktitle = {Proc. of  IEEE SP'14},
 
}
