@inproceedings{ba98,
  author = "R. Bodik and S. Anik",
  title = "Path-sensitive value-flow analysis",
  booktitle = "POPL'98: 25th ACM Symposium on the Principles of Programming
  Languages",
  month = Jan,
  year = 1998
}

@inproceedings{vg07,
  author = "V. Ganapathy and D. King and T. Jaeger and S. Jha",
  title = "Mining Security-Sensitive Operations in Legacy Code using Concept
  Analysis",
  booktitle = "International Conference on Software Engineering",
  month = "May",
  year = 2007
}

@inproceedings{vg05a,
  author = "V. Ganapathy and T. Jaeger and S. Jha",
  title = "Automatic Placement of Authorization Hooks in the {Linux} Security
  Modules Framework",
  booktitle = "ACM Conference on Computer and Communications Security",
  month = "November",
  year = 2005
}

@inproceedings{vg05b,
  author = "V. Ganapathy and S. Seshia and S. Jha and T. Reps and R. Bryant",
  title = "Automatic Discovery of {API}-Level Exploits",
  booktitle = "International Conference on Software Engineering",
  month = "May",
  year = 2005
}

@inproceedings{vg06a,
  author = "V. Ganapathy and T. Jaeger and S. Jha",
  title = "Retrofitting Legacy Code for Authorization Policy Enforcement",
  booktitle = "IEEE Symposium on Security and Privacy",
  month = "May",
  year = 2006
}

@inproceedings{vg06b,
    author = "Hao Wang and Somesh Jha and Vinod Ganapathy",
    title = "NetSpy: Automatically Generating Spyware Signatures for NIDS",
    booktitle = "Annual Computer Security Applications Conference",
    month = "December",
    year = 2006
}

@inproceedings{heapmd,
  author = "T. Chilimbi and V. Ganapathy",
  title = "{HeapMD}: {Identifying} Heap-based bugs using anomaly detection",
  booktitle = "Intl. Conference on Architectural Support for Programming
  Languages and Operating Systems",
  month = "October",
  year = 2006
}

@inproceedings{vg03,
  author = "V. Ganapathy and S. Jha and D. Chandler and D. Melski and D.
  Vitek",
  title = "Buffer overrun detection using linear programming and static
  analysis",
  booktitle = "ACM Conference on Computer and Communications Security",
  month = "October",
  year = 2003
}

@inproceedings{copilot,
  author    = {Nick L. Petroni Jr. and
               Timothy Fraser and
               Jesus Molina and
               William A. Arbaugh},
  title     = {Copilot - a Coprocessor-based Kernel Runtime Integrity Monitor.},
  booktitle = {Security '04: Proceedings of the USENIX Security Symposium},
  year      = {2004},
}

@inproceedings{dynspec,
  author    = {Nick L. Petroni, Jr. and Timothy Fraser and AAron Walters and William A. Arbaugh},
  title     = {An Architecture for Specification-Based Detection of Semantic Integrity Violations in Kernel Dynamic Data},
  booktitle = {Security '06: Proceedings of the USENIX Security Symposium},
  year      = {2006},
}

@inproceedings{noncontroldataattacks,
  author    = {Shuo Chen and Jun Xu and Emre C. Sezer and Prachi Gauriar and
    Ravishankar K. Iyer},
  title     = {Non-Control-Data Attacks Are Realistic Threats},
  booktitle = {Security '05: Proceedings of the USENIX Security Symposium},
    month = "August",
  year      = {2005},
}

@inproceedings{sbcfi,
 author = {Nick L. Petroni, Jr. and Michael Hicks},
 title = {Automated detection of persistent kernel control-flow attacks},
 booktitle = {CCS '07: Proceedings of the 14th ACM conference on Computer and communications security},
 year = {2007},
 }

@inproceedings{stealthattacks,
 author = {Arati Baliga and Pandurang Kamat and Liviu Iftode},
 title = {Lurking in the Shadows: Identifying Systemic Threats to Kernel Data},
 booktitle = {SP '07: Proceedings of the 2007 IEEE Symposium on Security and Privacy},
 year = {2007},
}

@inproceedings{paladin,
 author = {Arati Baliga and Xiaoxin Chen and Liviu Iftode},
 title = {Automated Detection and Containment of Rootkit Attacks},
 booktitle = {DCS-TR-593: Rutgers University, Department of Computer Science Tehnical Report 593},
 year = {2005},
}

@inproceedings{vmi,
 author = "Tal Garfinkel and Mendel Rosenblum",
 title = "A Virtual Machine Introspection Based Architecture for Intrusion Detection",
 booktitle = "Proc. Network and Distributed Systems Security Symposium",
 year = "2003",
 }

@inproceedings{ghostbuster,
 author = {Doug Beck and Binh Vo and Chad Verbowski},
 title = {Detecting Stealth Software with Strider GhostBuster},
 booktitle = {DSN '05: Proceedings of the 2005 International Conference on Dependable Systems and Networks},
 year ={2005},
 }

@inproceedings{remoterepair,
    author = {Aniruddha Bohra and Iulian Neamtiu and Pascal Gallard and Florin Sultan and Liviu Iftode},
    title = {Remote Repair of Operating System State Using Backdoors},
    journal = {ICAC '04: International Conference on Autonomic Computing},
    year = {2004},
}

@inproceedings{backdoorwkshp,
  author = "Florin Sultan and Aniruddha Bohra and Iulian Neamtiu and Liviu
  Iftode",
  title = "Backdoor: Nonintrusive Remote Healing using Remote Memory
  Communication",
  booktitle = "Proceedings of the First Workshop on Algorithms and
  Architectures for Self-Managing Systems",
  month = "June",
  year = 2003
}


@article{backdoorrecovery,
 author = {Florin Sultan and Aniruddha Bohra and Stephen Smaldone and Yufei Pan and Pascal Gallard and Iulian Neamtiu and Liviu Iftode},
 title = {Recovering Internet Service Sessions from Operating System Failures},
 journal = {IEEE Internet Computing},
 year = {2005},
 publisher = {IEEE Educational Activities Department},
 }

@inproceedings{servicecontinuations,
    author = {Florin Sultan and Aniruddha Bohra and Liviu Iftode},
    title = {Service Continuations: An Operating System Mechanism for Dynamic Migration of Internet Service Sessions},
    booktitle = {SRDS '03: Symposium on Reliable Distributed Systems},
    year = {2003},
}


@inproceedings{swatt,
author = {Arvind Seshadri and Adrian Perrig and Leendert van Doorn and Pradeep Khosla},
title = {SWATT: SoftWare-based ATTestation for Embedded Devices},
booktitle ={SP '04: Proceedings of the 2004 IEEE Symposium on Security and Privacy},
year = {2004},
}

@inproceedings{zhang,
 author = {Xiaolan Zhang and Leendert van Doorn and Trent Jaeger and Ronald Perez and Reiner Sailer},
 title = {Secure coprocessor-based intrusion detection},
 booktitle = {EW10: Proceedings of the 10th workshop on ACM SIGOPS European workshop: beyond the PC},
 year = {2002},
 }

@inproceedings{genuinity,
    author = "Rick Kennell and Leah H. Jamieson",
    title = "Establishing the Genuinity of Remote Computer Systems",
    publisher={Security '03: 12th USENIX Security Symposium},
    year = "2003",
}

@inproceedings{bind,
  author    = {Elaine Shi and
               Adrian Perrig and
               Leendert van Doorn},
  title     = {BIND: A Fine-Grained Attestation Service for Secure Distributed
               Systems.},
  booktitle = {SP '05: IEEE Symposium on Security and Privacy},
  year      = {2005},
}

@inproceedings{pioneer,
  author    = {Arvind Seshadri and
               Mark Luk and
               Elaine Shi and
               Adrian Perrig and
               Leendert van Doorn and
               Pradeep K. Khosla},
  title     = {Pioneer: verifying code integrity and enforcing untampered
               code execution on legacy systems.},
  booktitle = {SOSP '05: 20th ACM Symposium on Operating System Principles},
  year      = {2005},
}

@article{daikon,
   author = {Michael D. Ernst and Jeff H. Perkins and Philip J. Guo and
    Stephen McCamant and Carlos Pacheco and Matthew S. Tschantz and
    Chen Xiao},
   title = {The {Daikon} system for dynamic detection of likely invariants},
   journal = {Science of Computer Programming},
   year = {2006}
}

@inproceedings{diduce,
  author = "Sudheendra Hangal and Monica S. Lam",
  title = "Tracking Down Software Bugs Using Automatic Anomaly Detection",
  booktitle = "Proceedings of the International Conference on Software Engineering",
  month = may,
  year = 2002,
  url = "citeseer.ist.psu.edu/hangal02tracking.html" }

@inproceedings{tripwire,
 author = {Gene H. Kim and Eugene H. Spafford},
 title = {The design and implementation of tripwire: a file system integrity checker},
 booktitle = {CCS '94: Proceedings of the 2nd ACM Conference on Computer and communications security},
 year = {1994},
 }

@inproceedings{cmp,
 author = {Hsien-Hsin S. Lee and Guofei Gu and Trevor N. Mudge},
 title = {An Intrusion-Tolerant and Self-Recoverable Network Service System Using A Security Enhanced Chip Multiprocessor},
 booktitle = {ICAC '05: Proceedings of the Second International Conference on Automatic Computing},
 year = {2005},
}

@misc{aide,
title={Advanced Intrusion Detection Environment},
howpublished={http://sourceforge.net/projects/aide}
}

@misc{fu,
title={Fu Rootkit},
howpublished={http://www.rootkit.com/project.php?id=12}
}

@journal{ajm+06,
    author = "D. Abramson and J. Jackson and S. Muthrasanallur and G. Neiger and
    G. Regnier and R. Sankaran and I. Schoinas and R. Uhlig and B. Vembu and J.
    Weigert",
    title = "Intel Virtualization Technology for Directed I/O",
    journal = "Intel Technology Journal",
    vol = 10,
    number = 3,
    year = 2006
}

@inproceedings{bs04,
  author = "D. Brumley and D. Song",
  title = "PrivTrans: {Automatically} Partitioning Programs for Privilege
  Separation",
  booktitle = "13th USENIX Security Symposium",
  month = "August",
  year = 2004
}

@misc{cms06,
    author = "J. Cache and H. D. Moore and Skape",
    title = "Exploiting 802.11 Wireless Driver Vulnerabilities on Windows",
    howpublished = "{http://www.uninformed.org/?v=6\&a=2\&t=sumry}"
}

@inproceedings{cxs+05,
    author = "S. Chen and J. Xu and E. C. Sezer and P. Gauriar and R. K. Iyer",
    title = "Non-Control-Data Attacks are Realistic Threats",
    booktitle = "USENIX Security Symposium",
    month = "August",
    year = 2005
}

@inproceedings{clm+07,
  author = "S. Chong and J. Liu and A. C. Myers and X. Qi and K. Vikram and
      L. Zheng and X. Zheng",
  title = "Secure Web Applications via Automatic Partitioning",
  booktitle = "21st ACM Symposium on Operating Systems Principles",
  month = "October",
  year = 2007
}

@inproceedings{ccz+07,
    author = "M. Costa and M. Castro and L. Zhou and L. Zhang and M. Peinado",
    title = "{Bouncer}: {Securing} Software by Blocking Bad Input",
    booktitle = "21st ACM Symposium on Operating System Principles",
    month = "October",
    year = 2007
}

@inproceedings{gbs+07,
  author = "V. Ganapathy and A. Balakrishnan and M. M. Swift and S. Jha",
  title = "Microdrivers: {A} New Architecture for Device Drivers",
  booktitle = "11th Workshop on Hot Topics in Operating Systems",
  month = "May",
  year = 2007
}

@misc{grb+07,
    author = "V. Ganapathy and M. Renzelmann and A. Balakrishnan and M. M. Swift
    and S. Jha",
    title = "The Design and Implementation of Microdrivers",
    note = "Submitted for publication",
    month = "August",
    year = 2007
}

@inproceedings{kgm+07,
  author = "N. Kothari and R. Gummadi and T. Millstein and R. Govindan",
  title = "Reliable and Efficient Programming Abstractions for Wireless Sensor
      Networks",
  booktitle = "ACM SIGPLAN Conference on Programming Language Design and
      Implementation",
  month = "June",
  year = 2007
}

@inproceedings{pnh07,
    author = "D. Peek and E. B. Nightingale and B. D. Higgins and P. Kumar and J.
    Flinn",
    title = "Sprockets: Safe extensions for distributed file systems",
    booktitle = "2007 USENIX Annual Technical Conference",
    month = "June",
    year = 2007
}

@journal{lmm+??,
  author = "N. Liogkas and B. MacIntyre and E. D. Mynatt and Y. Smaragdakis and
      E. Tilevich and S. Voida",
  title = "Automatic Partitioning: {A} Promising Approach to Prototyping
      Ubiquitous Computing Applications",
  journal = "IEEE Pervasive Computing",
  month = "TBD",
  year = TBD
}

@techreport{ld07,
  author = "B. Livshits and C. Ding",
  title = "Code Splitting for Network Bound {Web-2.0} Applications",
  institution = "Microsoft Research",
  number = "MSR-TR-2007-101",
  month = "August",
  year = 2007
}

@inproceedings{pfh03,
  author = "N. Provos and M. Friedl and P. Honeyman",
  title = "Preventing Privilege Escalation",
  booktitle = "12th USENIX Security Symposium",
  month = "August",
  year = 2003
}

@inproceedings{tcf+07,
    author = "L. Tan and E. M. Chan and R. Farivar and N. Mallick and J. C.
    Carlyle and F. M. David and R. C. Campbell",
    title = "Kernel: Isolating Buggy and Malicious Device Drivers Using Hardware
    Virtualization Support",
    booktitle = "Proceedings of the 3rd IEEE International Symposium on
    Dependable, Autonomic and Secure Computing",
    month = "September",
    year = 2007
}

@inproceedings{ts02,
  author = "E. Tilevich and Y. Smaragdakis",
  title = "{J-Orchestra}: {Automatic} {Java} Application Partitioning",
  booktitle = "16th European Conference on Object-Oriented Programming",
  month = "June",
  year = 2002
}

@inproceedings{tsh05,
  author = "E. Tilevich and Y. Smaragdakis and M. Handte",
  title = "Appletizing: {Running} Legacy Java Code Remotely from a Web Browser",  booktitle = "21st IEEE International Conference on Software Maintainence",
  month = "September",
  year = 2005
}

@inproceedings{zcm+03,
  author = "L. Zheng and S. Chong and A. C. Myers and S. Zdancewic",
  title = "Using Replication and Partitioning to Build Secure Distributed
      Systems",
  booktitle = "2003 IEEE Symposium on Security and Privacy",
  month = "May",
  year = 2003
}

@journal{zzn+02,
  author = "S. Zdancewic and L. Zheng and N. Nystrom and A. C. Myers",
  title = "Secure Program Partitioning",
  journal = "ACM Transactions on Computer Systems",
  volume = 20,
  number = 3,
  pages = "283--328",
  month = "August",
  year = 2002
}

@misc{evansweimer,
    author = "D. Evans and W. Weimer",
    title = "Automatic Identification and Protection of Security-Critical Data",
    howpublished = "{http://www.cs.virginia.edu/critical/}"
}

@misc{ksplice,
     author ="Jeffrey Brian Arnold",
     title="Ksplice: An automatic system for rebootless Linux kernel security updates",
     howpublished="http://web.mit.edu/ksplice/doc/ksplice.pdf"
}

@inproceedings{liveupdate,
 author = {Haibo Chen and Rong Chen and Fengzhe Zhang and Binyu Zang and Pen-Chung Yew},
 title = {Live updating operating systems using virtualization},
 booktitle = {VEE '06: Proceedings of the 2nd international conference on Virtual execution environments},
 year = {2006},
 }

@misc{shadowwalker,
     author ="Sherri Sparks and Jamie Butler",
     title="Shadow Walker",
     howpublished="{http://www.phrack.org/issues.html?id=8\&issue=63}"
}


@misc{avertrep1,
  title = "Rootkits, Part 1 of 3: A Growing Threat",
  note = "MacAfee {AVERT} Labs Whitepaper",
  month = Apr,
  year = 2006
}

@misc{antirkt,
  title = "Anti Rootkit Software, News, Articles and Forums",
  howpublished = "{http://antirootkit.com/}"
}

@misc{avertrep2,
  author = "Aditya Kapoor and Ahmed Sallam",
  title = "Rootkits Part 2: {A} Technical Primer",
  note = "MacAfee {AVERT} Labs Whitepaper",
  month = Apr,
  year = 2007
}

@inproceedings{microdrivers,
  author = "V. Ganapathy and M. Renzelmann and A. Balakrishnan and M. M. Swift
  and S. Jha",
  title = "The Design and Implementation of Microdrivers",
  booktitle = "13th International Conference on Architectural Support for
  Programming Languages and Operating Systems",
  month = "March",
  year = 2008
}

@inproceedings{swaddler,
  author = "Marco Cova and Davide Balzarotti and Vika Felmetsger and Giovanni
  Vigna",
  title = "Swaddler: {An} Approach for the Anomaly-based Detection of State
  Violations in Web Applications",
  booktitle = "RAID'07: Symposium on Recent Advances in Intrusion Detection",
  month = "September",
  year = 2007
}

@inproceedings{jwx07,
  author = "Xuxian Jiang and Xinyuan Wang and Dongyan Xu",
  title = "Stealthy Malware Detection Through VMM-based ``Out-of-the-Box''
  Semantic View Reconstruction",
  booktitle = "CCS'07: ACM Conference on Computer and Communications Security",
  month = "October",
  year = 2007
}

@inproceedings{lmbench,
 author = {Larry McVoy and Carl Staelin},
 title = {lmbench: portable tools for performance analysis},
 booktitle = {ATEC '96: Proceedings of the USENIX Annual Technical Conference},
 month="May",
 year = 1996
 }

@inproceedings{tcg,
    author = "Reiner Sailer and Xiaolan Zhang and Trent Jaeger and Leendert van
    Doorn",
    title = "Design and Implementation of a TCG-based Integrity Measurement
    Architecture",
    booktitle = "Security04: Proceedings of the 2004 USENIX Security Symposium",
    month = "August",
    year = 2004
}

@inproceedings{terra,
    author = "Tal Garfinkel and Ben Pfaff and Jim Chow and Mendel Rosenblum and
    Dan Boneh",
    title = "Terra: A Virtual Machine-based Platform for Trusted Computing",
    booktitle = "SOSP03: ACM Symposium on Operating System Principles",
    month = "October",
    year = 2003
}

@inproceedings{remotesailer,
    author = "Reiner Sailer and Trent Jaeger and Xiaolan Zhang and Leendert van
    Doorn",
    title = "Attestation-based Policy Enforcement for Remote Access",
    booktitle = "ACM Conference on Computer and Communications Security",
    month = "October",
    year = 2004
}

@inproceedings{vmbr,
    author = "Samuel King and Peter Chen and Yi-Min Wang and Chad Verblowski and
    Helen J. Wang and Jacob R. Lorch",
    title = "SubVirt: Implementing Malware with Virtual Machines",
    booktitle = "SP06: Proceedings of the 2006 IEEE Symposium on Security and
    Privacy",
    month = "May",
  year = 2006
}

@inproceedings{krv03,
 author = {Christopher Kruegel and William Robertson and Giovanni Vigna},
 title = {Detecting Kernel-Level Rootkits Through Binary Analysis},
 booktitle = {ACSAC '04: Proceedings of the 20th Annual Computer Security Applications Conference},
 year = {2004},
}

@inproceedings{wc07,
  author    = {Jeffrey Wilhelm and
               Tzi-cker Chiueh},
  title     = {A Forced Sampled Execution Approach to Kernel Rootkit Identification},
  booktitle = {RAID},
  year      = {2007},
}

@inproceedings{g06,
  author    = {Julian Grizzard},
  title     = {Towards Self Healng Systems: Re-establshing Trust in Compromised Systems},
  booktitle = {Ph.D Thesis, Georgia Institute of Technology},
  year      = {2006},
}

@inproceedings{ll06,
  author    = {Lionel Litty and
               David Lie},
  title     = {Manitou: a layer-below approach to fighting malware},
  booktitle = {ASID},
  year      = {2006},
}

@inproceedings{gatekeeper,
 author = {Yi-Min Wang and Roussi Roussev and Chad Verbowski and Aaron Johnson and Ming-Wei Wu and Yennun Huang and Sy-Yen Kuo},
 title = {Gatekeeper: Monitoring Auto-Start Extensibility Points (ASEPs) for Spyware Management},
 booktitle = {LISA '04: Proceedings of the 18th USENIX conference on System administration},
 year = {2004},
 }

@inproceedings{cfi,
    author = "Martin Abadi and Mihai Budiu and Ulfar Erlingsson and Jay Ligatti",
    title = "Control-Flow Integrity",
    booktitle = "CCS'05: Proceedings of the ACM Conference on Computer and
    Communications Security",
    month = oct,
    year = 2005
}

@inproceedings{dsd,
    author = "Christoph Csallner and Yannis Smaragdakis",
    title = "{DSD-Crasher}: A Hybrid Analysis Tool for Bug Finding",
    booktitle = "ISSTA'06: International Symposium on Software Testing and
    Analysis",
    month = "July",
    year = 2006
}

@inproceedings{deg+06,
    author = "Brian Demsky and Michael Ernst and Philip Guo and Stephen McCamant
    and Jeff Perkins and Martin Rinard",
    title = "Inference and Enforcement of Data Structure Consistency
    Specifications",
    booktitle = "ISSTA'06: International Symposium on Software Testing and
    Analysis",
    month = "July",
    year = 2006
}

@inproceedings{hmd03,
    author = "Michael Harder and Jeff Mellen and Michael D. Ernst",
    title = "Improving Test Suites via Operational Abstraction",
    booktitle = "ICSE'03: International Conference on Software Engineering",
    month = "May",
    year = 2003
}

@inproceedings{stream,
   author = "John D. McCalpin",
   title = "Memory bandwidth and machine balance in current high performance computers",
   booktitle = "IEEE Technical Committee on Computer Architecture newsletter",
   month = "December",
    year = "1995",
}

@inproceedings{autoises,
    author = "Lin Tan and Xiaolan Zhang and Xiao Ma and Weiwei Xiong and Yuanyuan Zhou",
    title  = "{AutoISES}: {A}utomatically Inferring Security Specifications and Detecting Violations",
    booktitle = "Proceedings of the 17th USENIX Security Symposium (USENIX Security '08)",
    month  = "July-August",
    year   = "2008",
}

@inproceedings{filewall,
    author = "Stephen Smaldone and Aniruddha Bohra and Liviu Iftode",
    title = "FileWall: {A} Firewall for Network File Systems",
    booktitle = "IEEE International Symposium on Dependable, Autonomic and Secure Computing",
    month = "September",
    year = 2007
}

@inproceedings{cloaker,
        author = {Francis M. David and Ellick M. Chan and Jeffrey C. Carlyle and Roy H. Campbell},
        title = "{Cloaker: Hardware Supported Rootkit Concealment}",
        booktitle = {Proceedings of the IEEE Symposium on Security and Privacy},
        address = {Oakland, CA},
        month = {May},
        year = {2008}
}

@inproceedings{cil,
 author = {George C. Necula and Scott McPeak and Shree Prakash Rahul and Westley Weimer},
 title = {CIL: Intermediate Language and Tools for Analysis and Transformation of C Programs},
 booktitle = {CC '02: Proceedings of the 11th International Conference on Compiler Construction},
 year = {2002},
 }

@misc{binfmt,
    author = "Shellcode Security Research Team",
    title = "Registration Weakness in Linux Kernel's Binary formats",
    howpublished="http://goodfellas.shellcode.com.ar/own/binfmt-en.pdf",
    month = "September",
    year = 2006
}

@misc {iozone,
    author = "W. Norcott",
    title = "IOzone benchmark",
    howpublished = "http://www.iozone.org",
    year="2001"
    }

@misc{myrinetcard,
    title = "Myricom: Pioneering High Performance Computing",
    howpublished = "http://www.myri.com"
}

@misc{rootkitsite,
    title = "Packet Storm",
    howpublished = "http://packetstormsecurity.org/UNIX/penetration/rootkits/"
}

@misc{adore,
    title = "Adore-0.42 Rootkit",
    howpublished = "http://packetstormsecurity.org/UNIX/penetration/rootkits/"
}

@misc{enyelkm,
    title = "Enyelkm",
    howpublished = "http://packetstormsecurity.org/UNIX/penetration/rootkits/"
}

@misc{enyelkm,
    title = "Enyelkm",
    howpublished = "http://packetstormsecurity.org/UNIX/penetration/rootkits/"
}

@misc{kbdv3,
    title = "Kbd v3",
    howpublished = "http://packetstormsecurity.org/UNIX/penetration/rootkits/"
}

@misc{knark,
    title = "Knark-2.4.3",
    howpublished = "http://packetstormsecurity.org/UNIX/penetration/rootkits/"
}

@misc{linspy,
    title = "Linspy 2",
    howpublished = "http://packetstormsecurity.org/UNIX/penetration/rootkits/"
}

@misc{modhide,
    title = "Modhide",
    howpublished = "http://packetstormsecurity.org/UNIX/penetration/rootkits/"
}

@misc{maxty,
    title = "Maxty",
    howpublished = "http://packetstormsecurity.org/UNIX/penetration/rootkits/"
}

@misc{moodnt,
    title = "Mood-nt",
    howpublished = "http://packetstormsecurity.org/UNIX/penetration/rootkits/"
}

@misc{phide,
    title = "Phide",
    howpublished = "http://packetstormsecurity.org/UNIX/penetration/rootkits/"
}

@misc{phantasmagoria,
    title = "Phantasmagoria",
    howpublished = "http://packetstormsecurity.org/UNIX/penetration/rootkits/"
}

@misc{rial,
    title = "Rial",
    howpublished = "http://packetstormsecurity.org/UNIX/penetration/rootkits/"
}

@misc{rkit,
    title = "Rkit 1.01",
    howpublished = "http://packetstormsecurity.org/UNIX/penetration/rootkits/"
}

@misc{suckit,
    title = "Suckit",
    howpublished = "http://packetstormsecurity.org/UNIX/penetration/rootkits/"
}

@misc{superkit,
    title = "Superkit",
    howpublished = "http://packetstormsecurity.org/UNIX/penetration/rootkits/"
}

@misc{synapsys,
    title = "Synapsys",
    howpublished = "http://packetstormsecurity.org/UNIX/penetration/rootkits/"
}

@misc{taskigt,
    title = "Taskigt",
    howpublished = "http://packetstormsecurity.org/UNIX/penetration/rootkits/"
}

@misc{rootkitrevealer,
    title ="Rootkit Revealer, Rootkit Detection Tool by Microsoft",
    howpublished = "http://technet.microsoft.com/en-us/sysinternals/bb897445.aspx"
}

@misc{sophos,
    title="Sophos Anti-Rootkit",
    howpublished="http://www.sophos.com/products/free-tools/sophos-anti-rootkit.html"
}

@misc{chkrootkit,
    title="Chkrootkit - Rootkit Detection Tool",
    howpublished="http://www.chkrootkit.org/"
}
