@misc{lids,
  title = "Linux Intrusion Detection System",
  note = "\url{http://www.lids.org}"
}

@misc{nsa,
  title = "Security-Enhanced {Linux}",
  note = "\url{http://www.nsa.gov/selinux}"
}

@misc{simplify,
	title = "Simplify theorem-prover",
	note = "\url{http://research.compaq.com/SRC/esc/Simplify.html}"
}

@misc{tresys,
	author = "Tresys Technology",
	title = "Security-enhanced {Linux} Policy Management Framework",
	note = "\url{http://sepolicy-server.sourceforge.net}"
}

@techreport{a72,
	author = "J. P. Anderson",
	title = "Computer Security Technology Planning Study, Volume {II}",
	institution = "Deputy for Command and Management Systems, HQ Electronics
	Systems Division (AFSC)",
	number = "ESD-TR-73-51",
	address = "L. G. Hanscom Field, Bedford, MA",
	month = "October",
	year = 1972
}

@inproceedings{bss+95,
  author = "L. Badger and D. G. Sterne and D. L. Sherman and K. M. Walker and
  S. A. Haghighat",
  title = "A domain and type enforcement {UNIX} prototype",
  booktitle = "Proceedings of the 5th USENIX UNIX Security Symposium",
  month = "June",
  year = 1995
}

@inproceedings{cdw02,
  author = "H. Chen and D. Dean and D. Wagner",
  title = "Model checking one million lines of {C} code",
  booktitle = "Proceedings of the 11th Annual Network and Distributed Systems
  Security Symposium (NDSS)",
  pages = "171--185",
  month = "February",
  year = 2004
}

@inproceedings{ecc+00,
  author = "D. Engler and B. Chelf and A. Chou and S. Hallem",
  title = "Checking System Rules using System-Specific Programmer-Written
  Compiler Extensions",
  booktitle = "Proceedings of the 2000 USENIX Symposium on Operating System
  Design and Implementation",
  pages = "1--16",
  month = "December",
  year = 2000
}
  
@inproceedings{faa99,
	author = "J. S. Foster and M. Fahndrich and A. Aiken",
	title = "A Theory of Type Qualifiers",
	booktitle = "Proceedings of the 1999 ACM SIGPLAN Conference on Programming
	Language Design and Implementation",
	month = "May",
	year = 1999
}
	
@article{ghr03,
  author = "J. D. Guttman and A. L. Herzog and J. D. Ramsdell and C. W.
  Skorupka",
  title = "Verifying Information Flow Goals in Security-Enhanced {Linux}",
  journal = "Journal of Computer Security (special issue for WITS 2003)",
  volume = 13,
  number = 1,
  pages = "115--134",
  month = "",
  year = 2005
}

@book{gj79,
	author = "M. R. Garey and D. S. Johnson",
	title = "Computers and Intractability",
	publisher = "Freeman",
	address = "New York, NY",
	year = 1979
}

@article{jez04,
  author = "T. Jaeger and A. Edwards and X. Zhang",
  title = "Consistency Analysis of Authorization Hook Placement in the {Linux}
  Security Modules Framework",
  journal = "ACM Transactions on Information and System Security (TISSEC)",
  volume = "7",
  number = "2",
  pages = "175--205",
  month = "May",
  year = 2004
}


@inproceedings{jsz03,
  author = "T. Jaeger and R. Sailer and X. Zhang",
  title = "Analyzing Integrity Protection in the \selinux\ Example Policy",
  booktitle = "Proceedings of the 12th USENIX Security Symposium",
  pages = "59--74",
  month = "August",
  year = 2003
}
  
@techreport{ksv03,
  author = "D. Kilpatrick and W. Salamon and C. Vance",
  title = "Securing the {X} {Window} System with {SELinux}",
  institution = "NAI Labs",
  number = "03-006",
  month = "March",
  year = "2003"
}
  
@article{k76,
  author = "J. C. King",
  title = "Symbolic execution and program testing",
  journal = "Communications of the ACM", 
  volume = 19,
  number = 7, 
  pages = "385--394",
  month = "July",
  year = "1976"
}
  
@inproceedings{kpk02,
  author = "L. Koved and M. Pistoia and A. Kershenbaum",
  title = "Access Rights Analysis for {Java}",
  booktitle = "Proceedings of the 2002 ACM SIGPLAN Conference on
  Object-Oriented Programming Systems, Languages and Applications (OOPSLA)",
  pages = "359--372",
  month = "November",
  year = 2002
}
  
@techreport{ocaml,
	author = "X. Leroy and D. Doligez and J. Garrigue and D. R\'{e}my an J.
	Vouillon",
	title = "{The Objective Caml system (release 3.08)}",
  institution = "INRIA Rocquencourt",
	month = "July",
	year = 2004
}

@inproceedings{ls01a,
  author = "P. Loscocco and S. Smalley",
  title = "Integrating Flexible Support for Security Policies into the {Linux}
  Operating System",
  booktitle = "Proceedings of the FREENIX track: USENIX Annual Technical Conference",
  pages = "29--42",
  month = "June",
  year = 2001
}
  
@inproceedings{ls01b,
  author = "P. Loscocco and S. Smalley",
  title = "Meeting Critical Security Objectives with Security-Enhanced {Linux}",
  booktitle = "Proceedings of the Ottawa Linux Symposium",
  month = "July",
  year = 2001
}

@inproceedings{mxb+05,
	author = "D. Mandelin and L. Xu and R. Bodik and D. Kimelman",
	title = "Jungloid Mining: {Helping} to Navigate the {API} Jungle",
	booktitle = "Proceedings of the 2005 ACM SIGPLAN Conference on Programming
	Language Design and Implementation",
	month = "June",
	year = 2005
}

@article{m90,
  author = "J. McLean",
  title = "The Specification and Modeling of Computer Security",
  journal = "IEEE Computer",
  volume = 23,
  number = 1,
  pages = "9--16",
  year = 1990
}

@book{m97,
  author = "S. S. Muchnick",
  title = "Advanced Compiler Design and Implementation",
  publisher = "Morgan Kaufmann",
  year = 1997,
}

@inproceedings{nmr+02,
  author = "G. C. Necula and S. McPeak and S. P. Rahul and W. Weimer",
  title = "{CIL:} {Intermediate} Language and Tools for Analysis and
  Transformation of {C} Programs",
  booktitle = "Proceedings of the 11th International Conference on Compiler
  Construction",
  pages = "213--228",
  month = "April",
  year = 2002,
  note = "Available at: \url{http://manju.cs.berkeley.edu/cil}"
}

@inproceedings{sp81,
  author = "M. Sharir and A. Pnueli",
  title = "Two Approaches to Interprocedural Dataflow Analysis",
  booktitle = "Program Flow Analysis: Theory and Applications",
  editor = "S. Muchnick and N. Jones",
  pages = "189--233",
  publisher = "Prentice Hall",
  year = 1981
}

@techreport{svs01,
  author = "S. Smalley and C. Vance and W. Salamon",
  title = "Implementing {SELinux} as a {Linux} Security Module",
  institution = "NAI Labs",
  number = "01-043",
  month = "December",
  year = 2001,
  note = "\url{http://www.nsa.gov/selinux/papers/module.pdf}"
}

@inproceedings{ssl+99,
  author = "R. Spencer and S. Smalley and P. Loscocco and M. Hibler and D.
  Andersen and J. Lapreau",
  title = "The {Flask} Architecture: {System} Support for Diverse Security
  Policies",
  booktitle = "Proceedings of the 8th USENIX Security Symposium",
  pages = "123--139",
  month = "August",
  year = 1999
}

@inproceedings{wcs+02,
  author = "C. Wright and C. Cowan and S. Smalley and J. Morris and G.
  Kroah-Hartman",
  title = "{Linux} Security Modules: {General} Security Support for the 
  {Linux} Kernel",
  booktitle = "Proceedings of the 11th USENIX Security Symposium",
  pages = "17--31",
  month = "August",
  year = 2002
}

@inproceedings{zej02,
  author = "X. Zhang and A. Edwards and T. Jaeger",
  title = "Using {CQUAL} for Static Analysis of Authorization Hook Placement",
  booktitle = "Proceedings of the 11th USENIX Security Symposium",
  pages = "33--48",
  month = "August",
  year = 2002
}


